3066 4836
690 329 843 424 *1-4*

179 507 260 588 920.
281 505 284 518 Χ
303 508 480 594 Λεωχάρης
500 511 535 575 el
556 509 690 595 ἠγγυᾶτο
714 512 808 578 αὐτὸν
831 509 850 577 ἃ
873 509 1052 598 ὡμολόγησε
1080 515 1130 578 καὶ
1163 511 1300 599 ποιήσειν
1322 523 1353 580 et

179 611 259 689 §22
280 611 316 675 od
331 610 522 688 πιστεύοντες
545 613 628 700 αὐτῷ
651 611 671 678 οἳ
695 611 872 699 ὡμολόγησε
894 610 1031 696 ποιήσειν
1052 618 1198 696 (uniente
1213 613 1351 702 ποιήσειν

53 737 59 740 ·
179 713 301 773 fortasse
318 716 367 774 καὶ
382 716 579 793 inserendum)
594 723 624 776 et
637 717 655 794 ξ
667 718 718 777 ae:
741 716 795 780 οὐκ
822 714 860 780 ἔν
880 737 953 780 ruore
972 713 1105 799 οἰόμενοι
1120 717 1220 788 αὐτὸν,
1230 721 1351 784 ἐναντία

181 809 425 897 οἷςιῦμολόγησε
447 820 572 900 πρᾶξαι,
593 815 628 880 οὗ
651 817 688 880 δι’
714 816 779 882 dtl‘
804 817 893 882 obeb
914 813 933 899 ἢ
957 816 1009 880 διὰ
1030 817 1103 894 τοὺς
1124 816 1279 904 ἐγγυητάς,
1301 815 1349 884 ὅτι

180 911 423 997 καθειστήκεσαν
437 911 523 1000 ἧμΐνε
546 918 630 980 focile
652 920 790 982 concedes
812 923 873 980 solo
895 923 984 980 uerbo
1007 914 1156 1004 ὡμολόγει
1172 924 1264 984 eiecto
1278 924 1350 984 suri·

178 1018 306 1080 bendum
321 1033 383 1077 esse
398 1020 448 1082 καὶ
464 1025 564 1083 ταῦτα
577 1021 712 1104 ἠγγυᾶτο
727 1017 1003 1105 αὗτὸνΛειοχάρης
1016 1017 1121 1088 οὑτοσὶ
1137 1025 1187 1086 καὶ
1203 1019 1349 1104 ποιήσειν.

178 1119 276 1180 Habet
296 1125 393 1179 autem
414 1123 489 1182 banc
509 1124 568 1182 rim
588 1124 732 1197 particula
753 1123 812 1197 καί,
834 1129 868 1184 ut
889 1109 1030 1198 significet
1044 1127 1254 1213 Dicaeogenem
1276 1141 1349 1198 qnae

177 1223 273 1282 verbis
285 1224 443 1296 recepisset
456 1240 491 1284 ca
504 1240 634 1298 reapse
649 1241 712 1284 esse
724 1229 946 1298 praestaturum.
961 1221 1110 1309 ὡμολόγει
1123 1233 1219 1288 autom
1230 1231 1350 1300 propter

162 1325 348 1396 particulam
363 1326 413 1386 uel
428 1341 488 1384 non
500 1332 578 1386 reete
596 1327 777 1396 intellectam
798 1344 814 1386 e
835 1330 985 1402 superiore
1007 1323 1156 1410 ὡμολόγει
1172 1335 1271 1388 natum
1285 1345 1348 1388 osse

178 1432 209 1486 et
229 1426 286 1486 huc
306 1427 447 1486 invasisse
468 1428 592 1489 videtur.
1348 1433 1352 1441 ’

263 1576 410 1640 Eiusdem
432 1559 509 1641 erat.
533 1581 551 1658 §
574 1580 625 1644 26.
648 1573 735 1662 ἡμεῖς
757 1573 836 1654 δ’ὡς
859 1579 1045 1662 ἶλὲγομαν
1067 1577 1172 1663 ἀληθῆ
1195 1582 1245 1644 καὶ
1272 1578 1347 1644 ἄλλο

177 1703 206 1743 τι
235 1674 398 1762 τεκμήριον
425 1681 607 1763 παρέξομαι.
659 1681 862 1756 Imperfectum
889 1679 1029 1763 ἐλέγομεν
1055 1699 1113 1741 non
1140 1689 1185 1743 est
1212 1699 1348 1758 quorsum

175 1782 300 1842 referas:
334 1783 371 1841 ad
392 1788 478 1856 pacta
499 1784 614 1856 quidem
640 1785 717 1844 inter
737 1783 950 1856 Dicaeogenem
977 1784 1095 1857 eiusque
1118 1791 1254 1858 cognatos
1275 1787 1348 1846 inito
1461 1795 1465 1802 ’

177 1884 283 1952 referri
297 1902 356 1943 non
369 1902 454 1958 posse
477 1892 609 1958 apertum
631 1892 675 1945 est
695 1886 741 1946 vel
763 1895 799 1944 ex
822 1903 856 1944 eo
879 1883 956 1957 quod
978 1885 1102 1944 adicitur
1124 1885 1229 1970 ἀληθῆ
1251 1889 1297 1948 vel
1312 1905 1348 1947 ex

175 1986 239 2060 ipso
261 1987 350 2046 uerbo
373 1983 477 2068 λέγειν,
501 1987 578 2059 quod
599 1988 630 2045 in
651 1987 705 2046 hac
726 2003 758 2046 re
780 1988 909 2060 ineptum
933 1992 1018 2045 esset.
1061 1989 1127 2047 Huc
1147 1989 1279 2074 inprimis
1300 2006 1347 2048 ac-

79 2073 99 2177 ‘x
177 2088 253 2149 cedit
275 2087 352 2161 quod
381 2105 454 2160 quac
483 2087 618 2162 deinceps
644 2087 818 2161 afferuntur,
854 2089 995 2160 quidquid
1022 2090 1057 2148 de
1079 2107 1180 2148 eornm
1201 2091 1346 2164 explicatu

173 2192 321 2262 statueris,
345 2189 443 2262 utique
466 2207 500 2248 eo
523 2189 621 2249 afferri
643 2191 762 2249 consilio
785 2196 874 2264 patet,
897 2195 930 2282 ut
950 2191 1002 2249 illa
1023 2204 1097 2264 quoe
1120 2191 1263 2266 depactis
1278 2207 1345 2252 con·

110 2302 116 2309 '
174 2293 269 2354 tendit
283 2297 372 2363 actor,
394 2291 477 2350 besse
495 2291 665 2351 hereditatis
688 2291 831 2351 destitisse
841 2292 1052 2365 Dicaeogenem
1068 2293 1191 2366 quidem,
1214 2295 1266 2352 sed
1281 2311 1345 2354 eum

174 2411 233 2454 non
253 2394 398 2466 integrum
425 2393 579 2453 tradidisse
606 2394 637 2451 in
664 2410 755 2476 eaque
782 2395 888 2452 iniuria
915 2393 1046 2454 adiutum
1073 2411 1136 2454 esse
1157 2411 1176 2453 a
1197 2367 1344 2470 sponsore,

174 2497 232 2556 alio
253 2501 422 2568 argumento
445 2495 658 2554 confirmentur.
701 2497 832 2554 Restitue
853 2495 944 2568 igitur
961 2511 1099 2569 praesens
1117 2503 1230 2570 ternpus
1257 2491 1345 2578 ἡμεῖς

175 2591 256 2671 δ’ὡς
278 2596 450 2679 λέγομενε
475 2598 567 2670 „haec
588 2597 657 2656 v'era
678 2614 749 2670 esse,
772 2598 880 2670 inquit,
905 2613 978 2670 quae
1001 2597 1151 2670 depactis
1174 2601 1245 2675 (non
1267 2599 1343 2658 dice-

174 2700 275 2758 bamus
295 2697 358 2774 sed)
386 2699 599 2770 contendimus,
621 2697 699 2757 aliud
721 2698 791 2772 quid
811 2716 865 2772 pro
887 2705 1056 2772 argumento
1078 2699 1226 2759 afferam.“
1265 2699 1344 2773 Quae

81 2792 86 2796 ’
173 2807 270 2861 antem
295 2801 354 2858 illis
382 2799 538 2858 succedunt
566 2799 656 2859 verba
681 2800 891 2883 Πρωταρχίδῃ
919 2798 977 2884 γὰρ
1005 2803 1049 2886 τῷ
1064 2791 1227 2888 ΙΠοταμίῳ
1250 2801 1342 2864 ἔδωκε

173 2891 375 2984 Δικαιογὲνιγς
394 2897 462 2982 τὴν
484 2897 658 2984 ἀδελφὴν
678 2897 747 2980 τὴν
768 2895 909 2962 ἑαυτοῦ
931 2901 977 2962 ἐπὶ
999 2897 1226 2984 τετταράκοντα
1239 2910 1342 2982 μναῖς,

172 3021 237 3063 cnm
250 3003 346 3061 multis
368 3003 427 3061 sint
447 3003 639 3076 gravibusque
661 3001 787 3061 obnoxia
809 3001 1046 3075 dubitationibus,
1068 3019 1185 3075 magnas
1200 3003 1342 3076 interpre-

170 3107 248 3165 tibus
268 3103 475 3164 faoessiverunt
495 3105 655 3164 molestias:
679 3103 812 3175 equidem
833 3121 892 3162 non
914 3102 1014 3163 dubito
1030 3103 1167 3162 accedere
1182 3105 1342 3164 sententiae

171 3226 190 3268 a
210 3207 344 3284 populari
365 3222 429 3264 meo
456 3205 614 3280 eodemque
642 3205 709 3263 olim
739 3203 873 3264 familiari
893 3195 992 3263 Herm.
1015 3205 1252 3264 Weissenbornio
1274 3223 1340 3279 pro·

169 3312 246 3369 latae
268 3309 299 3368 in
320 3307 436 3366 Erschii
457 3313 487 3366 et
509 3307 635 3367 Gruberi
657 3306 803 3379 encyclop.
826 3312 895 3366 sect.
917 3307 955 3365 H.
978 3308 1034 3366 vol.
1057 3309 1106 3365 24.
1129 3325 1158 3380 p.
1175 3309 1246 3366 294.
1271 3308 1340 3366 scri·

169 3410 296 3472 bendum
311 3425 373 3468 esse
394 3405 451 3490 τὴν
473 3405 641 3494 ἀδελφιδῆν
662 3406 717 3492 τὴν
739 3401 860 3484 ἑαυτοῦ,
881 3409 1120 3481 utDieaeogenes
1134 3407 1163 3494 Il
1177 3425 1230 3483 pro
1245 3413 1342 3468 tutore

169 3514 274 3574 vidume
295 3510 439 3570 Democlis
461 3509 558 3582 filiam,
580 3511 719 3584 pupillam
740 3526 834 3582 suam,
869 3503 1054 3572 Protaicbidi
1074 3511 1104 3567 in
1126 3511 1341 3570 matrimonium

171 3615 284 3678 dedisse
307 3613 429 3672 dicatur.
459 3611 673 3676 Schoemannus
693 3613 846 3686 proposuit
866 3607 922 3693 τὴν
945 3607 1084 3696 ἀδελφὴν
1104 3605 1161 3690 τὴν
1182 3613 1271 3674 τοῦ..
1294 3613 1340 3672 vel

170 3714 228 3799 τὴν
248 3709 361 3778 τούτου
383 3712 415 3790 (i.
438 3730 464 3772 e.
487 3713 672 3788 Cephisodoti
693 3711 883 3790 praesentis):
912 3729 1026 3774 sensum
1047 3709 1104 3792 τὴν
1125 3709 1263 3798 ἀδελφὴν
1284 3709 1340 3798 τὴν

168 3820 225 3884 τοῦ
248 3815 335 3882 θείου
357 3816 503 3892 postulare
524 3817 684 3876 autumavit
703 3815 742 3874 H.
764 3815 932 3910 Sauppiua
1283 3807 1290 3816 ’

252 3969 400 4033 Eiusdem
421 3985 466 4032 or.
488 3967 572 4046 929.
599 3962 728 4050 ὕστερον
750 3966 776 4030 d
788 3964 845 4030 οὐκ
866 3961 1104 4050 ἀναγκαζομενοι
1131 3963 1196 4030 ἀλλ’
1219 3961 1339 4042 ἑκόντες

169 4068 278 4153 ἔδομεν
301 4069 462 4157 αὐτῷτὴν
484 4072 515 4134 ἓν
543 4066 626 4133 ἄστει
657 4067 757 4132 οἰκίαν
782 4066 1052 4152 ἐξαιρεθέντες
1067 4064 1159 4150 ’πρὸς
1179 4072 1225 4153 τῷ
1244 4068 1338 4154 τρίτῳ

167 4172 252 4255 μέρει
281 4177 336 4235 τοῦ
359 4168 473 4254 κλήρου
496 4168 573 4252 ’ἔχειν
602 4167 668 4232 ἀντὶ
696 4174 758 4232 τῶν
785 4168 1066 4250 ἐπεσκευασμένον,
1098 4164 1138 4251 ἢν
1159 4157 1249 4244 οὗτος
1270 4167 1337 4236 dni

167 4274 416 4356 πειτανισχιλίιον
430 4274 577 4358 δραχμῶν
597 4271 754 4352 παρέδωκε
773 4270 958 4357 moniam·
981 4271 1060 4354 Quae
1081 4271 1339 4339 disvestiemus
