3066 4836
711 420 862 432 -ι-ι--ι

202 521 286 582 multi
306 519 424 582 fuerunt
446 522 495 595 qui
517 523 613 582 studia
634 539 686 582 sua
708 521 882 582 conferrent.
926 520 1054 595 Contigit
1071 527 1169 582 tomen
1187 521 1229 582 eis
1246 524 1373 593 ntegra·

203 625 281 698 gium
301 641 400 684 rerum
422 626 553 684 oratione
576 625 783 698 explicaturum
797 624 988 696 dictionisque
1007 625 1242 684 nanciscerentur
1256 637 1373 682 enarra·

202 732 295 786 torem
307 727 487 800 eundemque
500 727 631 786 criticum
642 727 755 787 muneri
765 742 817 785 suo
828 743 926 800 parem
934 726 1373 799 Georgrridschocmannum,

203 845 221 888 a
243 845 299 902 quo
322 828 467 888 derebus
489 828 605 901 quidem
627 829 815 901 inprimisque
837 828 873 888 de
895 829 959 886 iure
981 827 1057 886 civili
1078 829 1127 886 vix
1148 845 1223 886 unns
1249 831 1279 885 et
1299 825 1373 884 alter

202 931 320 989 relictus
346 929 425 989 locns
454 935 498 988 cst
527 930 576 1002 qui
604 934 655 988 aut
682 930 861 990 accuratiore
888 930 1095 988 retractatione
1122 933 1174 986 aut
1195 927 1372 987 correctione

201 1033 332 1105 indigere
344 1031 486 1090 videatur.
515 1031 559 1089 De
582 1031 679 1090 verbis
700 1037 796 1090 autem
817 1031 894 1090 illius
916 1032 1040 1090 oratoris
1061 1029 1273 1104 perpurgaudis
1285 1033 1372 1100 atque

203 1133 240 1192 ad
255 1133 407 1206 pristinam
421 1133 545 1205 speciem
562 1132 732 1192 revocandis
751 1151 815 1192 cum
832 1134 939 1206 optime
955 1137 1122 1191 meruerunt
1134 1130 1373 1190 lmm.Bckkerus

203 1240 233 1294 et
254 1235 347 1294 critici
369 1234 548 1305 Turieenses,
572 1249 694 1306 qnorum
715 1235 764 1292 ille
787 1236 817 1292 in
839 1235 894 1294 hoc
915 1235 1006 1307 magis
1029 1249 1114 1306 quam
1135 1233 1166 1290 in
1187 1231 1291 1290 ceteris
1306 1246 1371 1290 ora·

201 1336 313 1396 toribus
342 1339 481 1408 quantum
507 1335 616 1406 ingenii
640 1335 773 1394 acumine
800 1341 898 1408 posset
925 1334 1139 1409 sagacitateque
1165 1333 1306 1404 ostendit,
1340 1332 1371 1390 iri

201 1437 297 1510 siquid
319 1437 356 1496 ab
378 1437 440 1494 viro
462 1435 512 1494 illo
535 1435 699 1495 doctissimo
721 1437 889 1510 neglectum
911 1443 987 1496 esset
1007 1442 1059 1496 aut
1079 1438 1174 1496 minos
1195 1439 1275 1494 recte
1289 1433 1371 1492 insti-

201 1545 295 1599 tutum
323 1538 512 1611 expleverunt
540 1541 591 1595 eut
617 1545 834 1612 correxerunt,
854 1544 916 1598 tum
942 1541 997 1600 hoc
1023 1545 1153 1613 tempore
1180 1553 1265 1596 nemo
1295 1534 1371 1608 quod

202 1643 333 1702 sciamin
345 1639 477 1700 omnibus
498 1640 574 1696 Isaei
596 1640 775 1699 orationibus
796 1642 980 1701 recensendis
1001 1642 1178 1715 edendisque
1197 1638 1372 1713 peculiarem
1406 1704 1409 1710 ¹

202 1760 319 1817 operam
341 1753 495 1814 curemque
517 1741 623 1814 posuit
666 1740 745 1806 Nam
754 1743 908 1803 Dobscnus
922 1743 1081 1804 Britannus
1100 1741 1132 1802 id
1153 1745 1213 1817 egit
1234 1749 1267 1802 ut
1288 1742 1371 1816 quid·

203 1843 272 1930 quid
300 1848 377 1903 esset
402 1858 421 1900 a
447 1843 552 1902 ceteris
579 1843 787 1916 interpretibus
811 1843 850 1904 a'd
870 1846 935 1906 illas
956 1845 1143 1905 illustrandas
1165 1846 1283 1904 allatum
1305 1843 1370 1902 dili·

203 1952 306 2021 genter
319 1944 476 2018 colligeret,
498 1959 565 2002 raro
588 1945 658 2017 quid
680 1945 716 2004 de
738 1963 852 2025 quoque
874 1931 937 2006 loco
959 1930 1021 2020 ipse
1036 1949 1158 2008 sentiret
1169 1945 1370 2020 profiteretur:

201 2048 232 2107 id
253 2054 350 2106 tamen
371 2047 505 2106 utilitatis
527 2047 626 2104 attulit
647 2047 685 2106 ad
707 2050 867 2107 orationem
893 2049 968 2110 isaei
994 2050 1103 2110 rectius
1123 2047 1370 2118 ‚constituendam

201 2149 278 2223 qnod
306 2148 414 2207 codicis
442 2149 543 2220 optimi
569 2147 733 2222 Orippsiani
766 2151 874 2210 itermn
901 2167 920 2209 a
946 2167 976 2210 se
1011 2152 1123 2210 excussi
1156 2155 1186 2208 ct
1212 2148 1371 2208 Burneiaui

153 2326 155 2330 Ι
201 2253 362 2324 scripturae
390 2249 613 2322 discrepantiam
640 2249 793 2324 evulgavit.
818 2251 970 2310 'Parisino
1002 2269 1071 2311 vero
1105 2251 1195 2310 editio
1222 2267 1240 2308 a
1266 2251 1394 2310 Carolo.

200 2353 325 2411 Muliero
352 2351 576 2410 incuriosissime
604 2357 704 2410 curate
731 2369 795 2410 cum
823 2369 861 2411 ne
888 2359 1085 2412 transversum
1108 2351 1223 2425 quidem
1244 2367 1369 2424 unguem

200 2453 329 2512 discedat
355 2451 545 2510 al'uricensi
571 2452 601 2510 iu
630 2469 745 2510 censum
774 2454 873 2512 venne
896 2471 955 2512 non
976 2459 1080 2526 potest.
1125 2452 1182 2512 Sed
1203 2469 1297 2525 nuper
1318 2469 1367 2512 ex·

199 2555 336 2613 stiterunt
362 2554 491 2625 quemvis
519 2554 603 2626 pauci
626 2555 727 2626 quiin
748 2554 868 2627 singulis
890 2556 961 2614 locis
983 2551 1161 2628 expoliendis
1187 2552 1366 2626 mendisque,

199 2655 304 2728 quibus
325 2654 356 2726 iu
375 2660 457 2713 tanta
480 2653 709 2714 doctissimorum
730 2657 858 2714 virorum
878 2655 1023 2714 industria
1044 2671 1079 2713 ac
1100 2653 1249 2728 diligentia
1269 2660 1366 2723 tamen

197 2756 348 2830 permultis
367 2756 537 2828 inquinatae
559 2761 626 2814 aunt
647 2757 724 2815 isael
743 2758 903 2828 orationes,
930 2755 1090 2816 liberandis
1113 2735 1213 2814 sedulo
1234 2755 1365 2814 embora-

197 2863 273 2916 rent.
316 2858 351 2916 ln
373 2857 477 2930 quibus
499 2873 557 2915 non
579 2859 718 2918 mediocri
739 2858 825 2918 lande
847 2858 928 2932 digni
944 2864 1011 2916 nint
1025 2858 1186 2930 Dobraeus,
1209 2857 1366 2916 Britannum

195 2959 459 3033 perspicacissimus
493 2957 659 3034 (adversar.
694 2959 750 3018 vol.
773 2961 796 3018 l.
832 2973 861 3032 p.
884 2960 948 3018 286
975 2956 1039 3032 sqq.
1067 2964 1098 3018 et
1124 2963 1201 3018 orat.
1228 2957 1291 3016 Att.
1318 2957 1364 3016 sd.

195 3061 323 3120 Dobsou.
346 3059 396 3118 IV.
419 3077 448 3133 p.
471 3061 649 3138 V—XVL),
677 3061 833 3134 Emporias
854 3059 981 3137 (opusco.
1001 3077 1032 3134 p.
1057 3062 1117 3119 ute
1140 3075 1204 3133 sqq.
1227 3064 1258 3118 et
1280 3058 1364 3134 316),

194 3161 382 3220 Meutzncrus
421 3161 494 3240 (aot.
522 3163 622 3223 societ.
650 3161 781 3222 Graecae
805 3163 844 3221 ll.
872 3177 902 3236 p.
932 3165 971 3221 99
999 3161 1097 3237 sqq),
1132 3161 1189 3220 Ed.
1216 3159 1365 3219 danickius

195 3261 364 3340 (observati.
388 3264 418 3322 iu
440 3264 553 3323 Isaeum
574 3265 654 3337 Lips.
681 3261 785 3340 1838),
804 3256 843 3322 G.
865 3263 902 3322 A.
924 3263 1107 3335 Hirschigius
1129 3261 1245 3338 (Philol.
1258 3260 1314 3320 vol.
1327 3260 1363 3318 V.

194 3379 223 3438 p.
247 3365 306 3422 322
330 3363 410 3442 sq.):
443 3381 550 3438 paucos
571 3365 650 3424 locos
672 3365 805 3424 sollerter
826 3369 856 3423 et
876 3365 1026 3435 alamiter,
1054 3365 1098 3423 nti
1119 3363 1239 3435 assunt,
1269 3361 1365 3434 attigit

194 3465 320 3525 Cobetus
332 3467 378 3525 uel
392 3467 422 3524 in
437 3467 524 3525 variis
542 3466 587 3525 vel
601 3467 631 3524 in
646 3462 727 3526 novis
739 3465 921 3538 lectionibus,
944 3465 1122 3539 quiquidem
1143 3465 1167 3522 si
1189 3463 1261 3522 nibil
1282 3462 1362 3522 ¹aliud

193 3565 229 3626 ad
248 3572 393 3628 oratorem
410 3574 540 3628 nostrum
560 3568 727 3630 contulisset
747 3583 832 3642 quam
850 3567 1006 3644 palmarem
1023 3567 1103 3626 illum
1122 3564 1360 3636 emendationem,

193 3685 252 3744 qua
266 3666 624 3745 ermeneumata
647 3669 692 3730 ed.
705 3669 800 3730 Bekk.
818 3669 878 3728 sive
891 3672 931 3730 29
947 3669 992 3728 ed.
1007 3663 1159 3744 snum),
1181 3666 1256 3726 bauo
1270 3663 1306 3730 de
1326 3681 1361 3728 oo

193 3770 314 3831 maritus
340 3770 480 3830 dicendus
506 3775 592 3830 esset.
649 3771 810 3832 Pervellorn
835 3776 933 3832 umen
960 3771 1088 3832 suavus
1115 3767 1361 3843 ingeniosissimus

193 3873 299 3948 quique
328 3877 444 3947 practer
472 3876 583 3932 ceteros
610 3872 736 3933 emineat
756 3871 847 3932 Attici
875 3872 1016 3932 sermonis
1037 3871 1174 3932 accurata
1194 3875 1225 3930 et
1245 3869 1361 3944 coptos·

191 4024 394 4036 ..α-ψ...-

259 4122 285 4191 *l
303 4121 416 4191 Scripsit
437 4123 508 4176 cuim
530 4122 558 4178 in
574 4133 629 4175 rar.
647 4121 717 4176 lectt.
735 4139 762 4191 p.
780 4124 829 4176 271
847 4116 998 4193 Ἁγνόθεον
1013 4119 1270 4192 prospicerem,
1288 4113 1359 4188 quod

191 4205 262 4262 varie
279 4213 476 4276 temptaverunt
493 4207 541 4261 viri
558 4205 642 4275 doen,
663 4207 727 4261 dull.
744 4207 874 4276 Harpocr.
892 4224 915 4261 u.
933 4207 1169 4280 campanorum
1186 4207 1224 4274 (p.
1238 4207 1273 4258 till
1289 4203 1357 4272 But.
1415 4209 1417 4216 ’

191 4291 270 4347 Viam
287 4293 443 4347 monsravit
459 4291 598 4346 Domeros
616 4304 711 4348 nonen
728 4292 812 4347 latera
829 4292 963 4348 enuidens
981 4291 1062 4361 quale
1075 4290 1268 4361 ῑηὶιωθέιιη.
