3066 4836
768 343 804 398 ll

203 525 428 609 praecautum
443 525 507 587 cum
519 527 695 602 Heauppto
715 545 752 586 ex
772 524 1138 589 mmencei.scribcndum
1159 521 1188 586 oi
1210 521 1370 603 ἀναγκαῖοι

204 627 231 692 οἱ
255 630 384 704 ἐκείνου,
416 629 537 703 perinde
559 633 646 702 atque
679 645 722 688 or.
748 633 797 688 10.
824 628 898 705 ᾖα,
933 628 984 686 ubi
1005 629 1035 686 in
1057 627 1155 688 verbis
1175 628 1231 688 τοῦ
1253 620 1370 704 πατρὸς

201 727 319 794 τούτων
333 737 401 793 aute
415 726 531 794 τούτων
550 737 631 793 reete
651 733 805 792 articudum
825 730 948 790 inseruit
958 730 1119 800 Dohraeua
1141 732 1172 788 ot
1186 745 1228 786 or.
1243 729 1272 785 9.
1291 725 1307 802 ξ
1321 727 1370 797 36,

202 833 254 892 nbi
268 835 370 894 eodem
381 835 507 908 smppio
522 831 640 894 auctore
665 836 712 898 ἐπὶ
733 832 772 897 τὰ
797 830 864 916 ἱεροὶ
885 830 925 896 τὰ
940 831 1053 894 ἐκείνου
1068 831 1279 904 corrigendum.
1310 829 1372 888 Neu

202 937 294 1011 magis
307 925 408 997 dubito
431 938 501 1010 quin
522 930 583 1000 ὅτι
603 939 797 1020 μαρτυροῦσι
818 934 987 996 mutandum
1008 934 1088 994 sitin
1104 931 1143 994 ol*
1159 934 1370 1014 μαρτυροῦσα

202 1053 261 1102 nou
282 1039 358 1100 euim
380 1055 496 1100 eausam
517 1032 629 1112 afferri,
653 1039 705 1100 sad
727 1037 827 1113 quales
848 1039 907 1100 siut
927 1037 971 1097 illi
990 1021 1080 1100 testas
1101 1051 1173 1110 quos
1194 1040 1281 1110 nogat
1302 1033 1371 1096 Cleo

202 1141 382 1204 adhibendos
397 1157 460 1205 esse
473 1141 595 1202 indicari
609 1141 721 1216 liquido
743 1147 874 1216 apparet.
905 1141 1039 1212 Denique
1054 1144 1184 1198 extrema
1197 1136 1224 1216 ᾗ.
1239 1137 1371 1198 existimo

202 1225 404 1306 necesse'csse
426 1245 552 1306 sudatus
572 1241 808 1325 διαθέμενοι
828 1244 859 1304 in
879 1244 973 1304 locum
994 1242 1156 1319 praesentis
1170 1241 1372 1304 subsumetur.

286 1445 433 1512 Eiusdem
454 1465 498 1512 or.
527 1447 608 1528 §lt
637 1449 687 1512 καὶ
711 1448 803 1530 ἐχρῆν
824 1448 850 1513 δ’
863 1437 888 1512 vd
911 1442 1081 1530 ὄνδρεςς-
1104 1443 1317 1526 παρακαλέσαι
1339 1442 1378 1510 ei‘

202 1549 243 1634 γέ
262 1573 331 1614 τινα
353 1556 481 1634 συγγενῆ
504 1552 712 1633 ἐπιδημοῦντα
735 1550 903 1633 ἐγίγνωσκε,
926 1551 976 1612 καὶ
997 1547 1071 1623 τοὺς
1092 1544 1206 1622 ἄλλους
1227 1541 1289 1632 ὅτῳ
1312 1548 1372 1612 inl

202 1650 326 1734 βραχύ
355 1677 425 1738 περ
452 1651 519 1741 ᾔδει
538 1646 737 1737 Ἀστῦιριλον
762 1647 929 1732 χρώμενον.
953 1650 1089 1714 κωλῦσαι
1111 1647 1248 1732 μὲνγὰρ
1272 1647 1372 1726 οὐδεὶς

204 1749 248 1817 ἂν
270 1753 365 1816 αὐτὸν
386 1748 514 1819 ἔόὖνατο
536 1750 598 1838 ὅτῳ
620 1749 763 1830 ἐβούλετο
786 1754 892 1816 δοῦναι
913 1751 953 1816 ad
976 1749 1098 1816 ἑαυτοῦ.
1133 1752 1203 1811 Tria
1217 1757 1284 1812 sunt
1298 1768 1373 1844 quae

203 1858 351 1917 mosmale
373 1857 491 1917 habent.
535 1857 664 1916 Primum
686 1873 750 1914 cum
776 1855 978 1914 discernantur
1006 1855 1122 1929 cognati
1142 1855 1173 1912 in
1195 1855 1267 1914 urbe
1288 1872 1372 1929 prae·

202 1965 298 2018 senus
320 1975 337 2017 a
359 1960 463 2019 octaris
491 1965 633 2032 quotquot
659 1963 743 2016 notos
770 1956 1107 2030 habebat-Astyphilus,
1138 1957 1289 2016 Dobraeus
1310 1958 1373 2016 iure

202 2060 366 2120 emendavit
388 2060 426 2123 εἶ’
441 2063 479 2126 τέ
498 2083 593 2122 τινα.
637 2059 751 2119 Deinde
772 2075 826 2132 pro
848 2052 910 2141 ὅτῳ
933 2059 979 2120 ἐπὶ
1001 2054 1103 2141 βραχύ
1125 2081 1196 2141 περ,
1226 2059 1303 2132 quod
1324 2077 1374 2118 ex·

201 2163 305 2237 plicari
326 2165 436 2236 nequit,
459 2165 566 2237 optime
588 2161 714 2222 Cobetus
735 2163 765 2220 in
786 2177 847 2220 var.
870 2160 949 2220 lectt.
972 2177 1001 2234 p.
1016 2163 1077 2220 209
1100 2162 1216 2234 scripsit
1237 2155 1299 2244 ὅτῳ
1316 2185 1372 2241 περ

203 2261 359 2345 ἔμβραχυ,
388 2281 563 2337 quamquam
583 2264 717 2336 equidem
744 2263 811 2323 sede
839 2279 892 2322 sua
916 2277 975 2321 non
995 2265 1135 2322 moverim
1154 2265 1285 2323 voculam
1307 2287 1373 2345 περ,

205 2381 278 2440 quae
293 2383 351 2425 non
372 2368 467 2426 minus
488 2371 566 2426 reeta
588 2381 606 2424 a
626 2367 747 2424 relativo
770 2381 831 2422 suo.
845 2366 940 2424 dirimi
957 2383 1042 2439 posse
1056 2366 1180 2438 videtur,
1202 2367 1374 2439 praesertim

204 2483 268 2526 cum
283 2465 422 2548 {lippogv
439 2485 503 2526 cum
524 2468 645 2526 relativo
668 2469 750 2540 quasi
771 2467 919 2541 coaluerit,
943 2483 1029 2540 quam
1044 2468 1204 2528 dissecatur
1215 2485 1374 2540 pronomen

203 2569 391 2642 compositum
413 2563 525 2644 dcccciv,
546 2570 632 2643 plane
655 2575 688 2629 nt
707 2569 844 2630 Latinum
867 2570 1095 2642 quicumque,
1117 2569 1208 2628 veluti
1228 2570 1374 2642 inLysiee
1452 2570 1460 2584 '

201 2683 244 2728 or.
271 2675 298 2728 1.
320 2669 337 2746 ᾖ
360 2671 400 2728 49
430 2668 461 2732 οἳ
481 2665 570 2750 νόμοι
593 2665 768 2733 κελεύουσιν
789 2665 842 2732 ἓάῡ
863 2693 909 2744 τις
929 2668 1040 2750 μοιχὸν
1062 2665 1144 2755 λάβῃ
1169 2665 1185 2732 d
1208 2695 1236 2733 τι
1260 2667 1299 2732 ἂν
1320 2661 1375 2733 οἷον

201 2765 352 2851 βούληται
376 2775 534 2852 χρῆσθαι,
565 2773 615 2830 ubi
646 2772 724 2845 quod
750 2773 897 2830 acriticis
924 2773 1096 2844 quibusdam
1123 2773 1298 2846 reprobatur
1321 2760 1375 2832 oda

203 2889 267 2930 curn
288 2873 326 2932 sit
347 2875 520 2932 auctoritate
542 2873 649 2932 codicis
671 2874 821 2946 archetypi
844 2874 913 2931 satis
934 2876 1076 2934 munitum
1091 2875 1302 2934 sollicitandum
1315 2890 1374 2932 nou

202 2987 265 3032 esse
287 2975 400 3034 ostendi
427 2975 459 3032 in
479 2975 558 3034 lectt.
581 2976 649 3047 Lys.
673 2992 701 3047 p.
726 2978 765 3033 73
790 2973 887 3051 (367.)
916 2977 980 3034 ooll.
1003 2977 1131 3036 Lobeek.
1154 2977 1192 3035 ad
1214 2975 1321 3050 Phryn.
1344 2993 1373 3048 p.

203 3077 263 3134 373
287 3089 329 3148 sq.
352 3074 496 3150 Kmegeri
518 3093 561 3148 gr.
585 3077 635 3136 Gr.
662 3075 679 3153 ξ
701 3077 764 3148 25,
794 3080 827 3148 9,
857 3079 886 3134 2.
930 3078 1015 3137 Adde
1037 3079 1112 3136 lsaei
1139 3077 1242 3151 fragm.
1267 3080 1295 3136 3.
1318 3079 1373 3137 Bk.

201 3178 261 3236 sive
284 3180 324 3236 29
347 3179 455 3251 Sanpp.
486 3173 527 3250 ὥς
549 3173 588 3238 ἂν
609 3165 665 3238 οὖν
686 3172 854 3255 δυνώμεθα
882 3174 1126 3260 προθυμότατα,
1157 3180 1209 3238 ubi
1232 3167 1287 3240 adu
1307 3197 1373 3252 per·

199 3295 300 3353 peram
315 3281 396 3339 anuis
412 3280 629 3352 circumsaepsit
640 3279 802 3338 Beklrerus
836 3281 882 3338 De
897 3277 1037 3360 ilqtpogv
1054 3287 1160 3353 autem,
1183 3281 1261 3354 quod
1270 3279 1375 3353 Lysiae

200 3398 244 3441 or.
270 3384 318 3441 13.
341 3381 358 3459 ξ
382 3385 420 3441 92
442 3387 475 3440 ut
496 3399 579 3440 suum
600 3381 724 3452 reddidi,
747 3398 773 3439 v.
797 3381 876 3440 lectt.
899 3382 967 3454 Lys.
989 3397 1019 3454 p.
1041 3384 1079 3440 32
1104 3382 1200 3460 (326),
1225 3383 1277 3442 sed
1300 3401 1374 3457 quae

198 3483 240 3542 ibi
263 3483 299 3542 de
320 3484 406 3542 huius
428 3483 560 3542 vocabuli
580 3484 698 3541 notione
720 3482 871 3542 observavi
887 3483 1069 3554 antiquorum
1084 3485 1275 3559 interpretum
1291 3503 1375 3558 prac-

141 3661 146 3670 ἱ
201 3590 285 3658 cepta
306 3592 435 3658 secutus,
469 3587 511 3644 eis
533 3586 715 3646 accuratiora
742 3580 903 3643 docuerunt
924 3585 1110 3644 Heindorfius
1137 3587 1175 3646 ad
1196 3587 1271 3646 Plat.
1284 3587 1373 3662 Gorg.

197 3701 229 3760 p.
240 3687 300 3744 457
310 3685 337 3744 A
359 3687 527 3748 etcobetus
548 3689 580 3747 in
600 3705 661 3747 var.
683 3688 762 3746 lectt.
784 3704 813 3759 p.
825 3687 896 3744 208.
940 3685 1073 3761 Denique
1096 3685 1195 3762 οὐδεὶς
1218 3685 1256 3751 ἂν
1279 3687 1374 3751 αὐτὸν

200 3786 310 3845 habent
330 3787 422 3846 soliB
444 3789 514 3848 etA
537 3807 554 3848 a
576 3789 701 3848 secunda
723 3803 825 3846 manu:
848 3787 870 3844 Z
892 3789 1007 3848 inverso
1029 3789 1130 3849 ordine
1154 3788 1255 3863 οὐδεὶς
1278 3788 1373 3853 αὐτὸν

200 3883 247 3962 ἂν,
271 3905 344 3960 quae
366 3889 430 3970 ipsa
449 3889 599 3950 fluctuatio
624 3886 662 3949 dr
681 3887 851 3963 particulam
876 3898 1038 3963 suspectam
1059 3891 1165 3950 reddit.
1199 3892 1289 3951 Deest
1303 3909 1372 3951 vero

198 3989 228 4046 in
251 3989 314 4048 eod.
338 3989 365 4048 A
387 4009 431 4064 pr.
449 4009 549 4064 mann,
572 3991 659 4064 idque
681 3991 752 4049 mihi
773 3991 929 4064 probatur:
958 3987 1086 4054 ἐδύνατο
1107 3995 1182 4051 enim
1205 3993 1374 4054 nonhabet

198 4091 356 4152 subiectam
378 4093 575 4154 condicionem
597 4093 725 4166 dicitque
746 4093 802 4154 hoc
823 4101 937 4155 orator:
960 4110 1066 4168 „nemo
1087 4093 1219 4167 proiecto
1239 4111 1305 4154 eum
1319 4113 1371 4172 po-

197 4196 275 4250 terat
287 4193 428 4266 impedire
443 4195 608 4267 quominus
630 4196 799 4268 cuicumque
821 4197 909 4255 vellet
930 4214 984 4256 sua
998 4197 1076 4255 bona
1088 4197 1229 4269 legaret.“
1264 4197 1372 4258 Contra

197 4309 261 4352 meo
284 4295 402 4388 quidem
421 4294 529 4356 iudicio
551 4310 624 4368 opus
645 4301 690 4353 est
710 4296 812 4355 addita
839 4299 939 4357 eedem
960 4299 1103 4372 particula
1124 4297 1149 4378 ᾗ.
1176 4301 1224 4360 13.
1253 4295 1289 4360 od
1310 4299 1370 4386 γὰρ
