3066 4836
734 289 887 383 Aa...

228 473 305 562 τρός
324 473 404 551 uode.
417 473 515 556 μηδὲν
540 474 615 558 ylen
644 469 872 559 προσήκοντας,
902 476 1043 559 paropsis
1072 469 1111 538 dv
1135 467 1230 552 {lapda
1257 469 1292 539 τὸ
1322 466 1379 556 ἧμι

227 573 352 660 κλήρων
372 576 443 661 παρ’
465 571 552 657 ὑμῶν
573 582 603 639 et
623 577 751 641 eiusdem
772 593 815 636 or.
840 577 879 638 35
902 569 950 638 ὅτι
972 571 1008 638 οὐ
1029 575 1220 666 μεταδῶ’ωμι
1243 580 1286 662 τῷ
1301 577 1396 641 ,παιδὶ

225 673 344 742 τούτων
366 673 386 742 ἃ
408 672 511 762 ψήφῳ
529 672 684 760 κρατήσας
698 674 756 759 ἐγὼ
771 674 844 752 τοὺς
859 673 984 758 &orror
996 672 1077 740 οὕτω
1088 674 1159 758 παρ’
1175 671 1263 757 ὖμιῦν
1275 676 1398 754 ἔλαβον,

225 780 297 854 isaeo
318 781 406 855 igitur
427 780 498 840 mihi
519 781 697 854 comparanti
718 780 834 840 minime
856 779 974 848 dubium
1000 784 1046 838 est
1072 779 1143 851 quin
1165 778 1283 864 dederit
1298 777 1400 840 isaeus

226 878 419 964 παραλαβὼν
433 876 488 942 τὸν
509 883 622 962 κλῆρον
642 879 728 962 παρ’
750 875 852 960 ὑμῶν
874 880 906 958 (i.
921 900 947 942 e.
964 879 1033 962 παρ’
1046 873 1134 958 ὑμῶν
1145 878 1398 964 ψηφισαμένων),

224 983 256 1039 in
278 997 363 1055 quam
385 982 501 1055 quidem
522 983 709 1056 suspitionem
729 984 786 1042 iam
805 989 924 1042 venerut
945 983 1106 1042 Dobraeus.

235 1102 246 1217 Γ
258 1104 284 1226 ‘⁸
310 1129 329 1206 ς
346 1132 404 1204 36.,
420 1119 509 1208 οὗτος
529 1131 588 1216 γὰρ
610 1136 648 1223 τῇ
670 1131 726 1214 μὲν
748 1137 831 1220 φυλῇ
844 1135 888 1208 εἷς
898 1128 1050 1196 Διονύσια
1062 1115 1240 1216 χορῂγήσας
1251 1115 1399 1218 τέταρτος

226 1231 353 1316 ἐγένετο,
369 1271 373 1320 3
388 1236 558 1321 τραγῳδοῖς
592 1234 625 1296 δὲ
658 1235 707 1296 καὶ
738 1223 952 1318 πυρριχισταῖς
976 1231 1117 1310 ὕστατος.
1166 1235 1201 1294 In
1218 1233 1273 1292 nis
1300 1235 1399 1294 verbis

227 1336 324 1408 qualia
346 1337 463 1413 prodita
484 1338 603 1395 suntin
623 1337 707 1396 libris
727 1355 811 1396 mser.
834 1336 902 1414 (nisi
924 1336 1001 1410 quod
1021 1334 1228 1417 πορριχιέταις
1240 1335 1398 1410 continent,

225 1437 302 1514 quod
325 1440 456 1501 certatim
477 1439 838 1498 correxeruntPalmerius
858 1439 888 1496 in
911 1440 1072 1498 exercitant.
1087 1455 1116 1511 p.
1132 1439 1213 1509 669,
1237 1435 1396 1510 Bentleius,

224 1519 373 1612 Reiskius‚
401 1541 635 1601 Hemsterhnsius
664 1541 701 1600 ad
723 1540 843 1600 Luciani
865 1541 1014 1600 Timonem
1035 1539 1051 1618 ᾖ
1075 1537 1153 1616 51.),
1182 1538 1214 1597 in
1240 1538 1285 1596 his
1305 1541 1394 1612 igitur

225 1639 262 1697 ed
280 1633 460 1722 χορηγήσας
482 1641 581 1701 deesse
603 1642 773 1702 vocabulum
795 1641 955 1702 eiusmodi
978 1641 1107 1716 quodid
1129 1657 1219 1714 genus
1231 1641 1387 1700 certaminis

224 1741 372 1816 designet,
395 1743 426 1800 in
448 1759 506 1816 quo
527 1749 647 1816 quartos
669 1761 687 1804 a
708 1746 801 1818 primo
822 1745 931 1804 victore
953 1745 1104 1806 victoriam
1124 1743 1268 1804 rettulerit
1286 1742 1387 1806 Dicae-

224 1856 340 1922 ogenes,
360 1843 499 1904 Reinlrius
511 1852 669 1920 auguratus
692 1843 838 1925 αὐληταῖς
859 1847 905 1905 vel
926 1847 984 1906 tals
1006 1846 1076 1920 quid
1096 1845 1261 1904 addendum
1275 1844 1394 1906 censuit.

224 1943 265 2004 tt
284 1945 343 2004 mro
363 1950 433 2004 aute
453 1947 602 2006 Raudium
623 1949 714 2007 uerba
734 1953 801 2006 suut
822 1947 978 2009 mendam,
1002 1947 1047 2006 vel
1073 1947 1170 2020 potius
1191 1947 1222 2006 iu
1243 1963 1324 2010 snum
1347 1961 1395 2006 or-

224 2044 321 2104 dinem
346 2045 480 2118 redacta,
509 2049 541 2107 id
568 2050 645 2120 quod
670 2051 746 2109 Isoei
773 2047 1063 2122 interpretesiugit,
1097 2053 1128 2106 et
1149 2065 1167 2106 a
1188 2052 1295 2120 quanto
1315 2048 1395 2108 vitot

225 2147 396 2206 Oritioomm
418 2149 495 2206 onim
509 2151 644 2224 princeps
657 2151 807 2210 Bentleius
827 2151 859 2212 in
880 2151 1026 2214 dissertat
1043 2150 1078 2208 de
1090 2149 1254 2210 Phalaridis
1265 2149 1397 2222 epistulis

224 2264 252 2322 p.
265 2248 324 2306 377
343 2248 527 2321 interpretat.
543 2251 640 2310 Germ.
655 2251 871 2312 Ribbeeldnnae
883 2252 1007 2312 maison
1020 2251 1203 2312 scribendum
1215 2250 1396 2324 distinguen-

224 2348 348 2420 dquste
370 2361 432 2410 asse
453 2349 604 2430 τέταρτος·
620 2350 734 2433 ἐγένετο
756 2353 935 2437 τραγῳδοῖς,
957 2352 1007 2415 καὶ
1030 2358 1242 2433 πυρριχισταῖς
1262 2346 1396 2423 ὕστατος

224 2447 370 2526 (clamys.
385 2467 428 2512 or.
441 2454 492 2510 21.
513 2451 529 2528 ξ
546 2456 572 2524 1,
586 2452 628 2530 4).
672 2453 759 2512 Haud
778 2454 864 2526 louge
886 2453 923 2512 ab
944 2453 995 2516 illo
1016 2453 1133 2514 dietam·
1147 2453 1287 2512 maximus
1302 2453 1396 2512 noemi

222 2551 286 2612 aevi
308 2552 428 2612 aritiens.
444 2552 578 2627 idemque
600 2554 709 2627 gloriae
730 2555 917 2616 Bentloianae
937 2559 969 2616 ‚et
990 2554 1120 2618 aemulos
1141 2560 1171 2613 et
1191 2553 1395 2630 integerrimas

224 2655 316 2715 onltm
336 2651 520 2714 Godoiredus
542 2655 725 2714 Hermannus
751 2657 782 2716 in
809 2657 955 2716 onnadom
979 2658 1059 2730 Lips.
1088 2657 1188 2742 philol.
1214 2659 1245 2716 et
1271 2655 1394 2728 paedag.

222 2755 366 2815 volumine
394 2757 434 2814 54
463 2756 501 2833 (e.
527 2756 619 2835 1848)
652 2762 679 2815 1.
706 2775 735 2832 p.
762 2759 810 2816 13.
838 2758 880 2818 sio
905 2758 936 2816 in
956 2758 1056 2819 oodioe
1077 2757 1233 2831 melrotypo
1254 2758 1395 2830 seriptum

223 2857 366 2915 exstitisse
397 2859 559 2931 suspicatus
591 2863 648 2917 est:
684 2845 773 2932 οὗτος
803 2861 842 2942 τῇ
873 2859 929 2939 μὲν
962 2863 1045 2944 φυλῇ
1073 2853 1252 2950 χορηγήσας
1278 2855 1393 2938 ἐγένετο

223 2959 393 3044 τραγῳδοῖς
414 2955 558 3040 τέταρτος
572 2959 620 3034 ’(ἰ.
645 2973 669 3018 e.
693 2955 753 3036 δ’),
781 2962 829 3020 καὶ
854 2961 1065 3041 πυρριχισταῖς
1085 2953 1226 3031 ὕστατος.
1271 2957 1318 3016 En
1338 2957 1395 3016 tibi

222 3061 318 3134 magui
344 3060 399 3118 viri
428 3057 463 3118 de
491 3061 646 3120 verborum
668 3061 769 3121 ordine
791 3059 885 3134 deque
906 3059 1065 3134 particulae
1087 3057 1121 3120 δὲ
1142 3059 1254 3131 origine
1275 3059 1394 3132 paulum

222 3163 431 3244 discrepantes,
466 3163 502 3222 de
529 3181 562 3223 re
591 3164 706 3240 quidem
731 3165 796 3236 ipsa
821 3161 897 3221 idem
931 3162 1097 3221 sentientes.
1140 3161 1290 3220 Bentleius
1316 3162 1392 3220 enlm

222 3263 323 3323 statuit
344 3279 406 3323 eam
428 3281 580 3339 perperam
602 3267 751 3336 intrusam,
775 3264 809 3323 (i.
830 3265 1016 3324 Hermunnus
1039 3281 1075 3322 er
1095 3258 1133 3336 δ’,
1156 3264 1176 3322 i.
1199 3276 1224 3321 e.
1247 3261 1393 3349 τέταρτος

223 3364 339 3424 fluxisse
360 3365 478 3438 iudicat,
501 3371 534 3425 ut
555 3363 585 3424 id
607 3367 701 3439 ipsum
723 3366 893 3427 vocabulum
915 3370 982 3424 ante
1005 3363 1119 3446 ἐγένετο
1141 3365 1330 3424 omittendum
1345 3365 1391 3422 sit.

223 3467 349 3540 Quorum
372 3465 601 3547 coniecturarum
615 3473 709 3528 utram
728 3469 785 3528 utri
797 3466 947 3541 praeferas
962 3467 1090 3538 ambigas
1104 3483 1188 3526 sane:
1209 3463 1281 3526 illud
1292 3465 1389 3540 utique

222 3575 368 3629 tantorum
389 3568 516 3645 virorum
538 3585 678 3630 consensu
700 3569 823 3630 efficitur
846 3567 879 3630 δὲ
900 3567 1071 3642 perticulam
1083 3568 1302 3642 expungendam
1319 3583 1393 3626 esse.

223 3673 266 3732 Ao
294 3669 317 3729 si
345 3669 415 3729 mihi
443 3669 512 3743 quid
539 3671 659 3731 sentiam
682 3671 834 3732 dicendum
856 3671 903 3742 sit,
926 3657 1083 3743 amplectar
1104 3667 1228 3729 Bentleii
1250 3667 1392 3730 rationem

222 3779 255 3834 ut
281 3769 497 3850 simpliciorem,
528 3773 570 3832 ito
597 3773 762 3833 existimans
788 3763 935 3848 imperito¹
949 3769 1061 3830 scribae
1088 3769 1258 3848 particulam
1280 3769 1314 3834 ei
1333 3769 1393 3828 iam

222 3874 277 3936 hoo
303 3873 368 3936 ioco
394 3874 534 3936 inculcari
561 3875 667 3935 debere
694 3877 783 3934 risam
810 3892 889 3948 esse,
918 3889 992 3948 quae
1021 3874 1211 3948 responderet
1231 3870 1392 3949 particulae

221 3975 277 4058 μὲν
297 3975 383 4038 modo
402 3975 523 4052 positae.

307 4123 397 4204 Μ
432 4127 497 4193 ἀλλ’
520 4127 591 4196 udis*
613 4127 654 4202 ul,
675 4127 866 4218 ἀναθήματα
889 4159 927 4204 -ς,
950 4129 994 4220 εἷς
1014 4128 1085 4213 τὴν
1104 4126 1196 4204 πόλιν
1212 4122 1392 4210 ,κικᾶγιιιισςι

222 4230 294 4298 auu
312 4234 467 4306 artierdpm
487 4229 543 4314 τὴν
564 4235 854 4308 insponsata
876 4235 975 4298 deesse
996 4241 1119 4296 testetur
1141 4235 1302 4304 Dohsoous,
1323 4251 1390 4299 aum
