3066 4836
775 327 794 383 9

706 409 858 420 ...η-...-

198 520 287 594 reluti
307 519 340 578 iu
354 518 458 592 Lysiae
479 533 523 577 or.
535 517 586 575 22.
603 511 620 591 ξ
639 515 676 574 12
699 513 751 575 ared
770 504 890 574 τοότεον
910 503 983 588 όμῖν
1003 501 1166 590 μόρτυρας
1186 501 1369 587 παρέχομαι,

198 624 248 684 ubi
269 639 287 682 a
307 639 354 681 mc
380 619 545 691 criticisque
557 615 761 677 Tmicenaibus
783 612 959 672 Markiendo
981 617 1099 672 ancmre
1120 607 1249 668 futurum
1269 604 1367 687 παρέ-

199 725 292 805 ξομαι
320 722 507 782 mosonium
534 724 588 779 est.
632 717 683 778 Sin
711 732 781 777 vero
809 720 909 774 orator
935 731 993 773 non
1021 713 1118 773 stetim
1138 716 1227 770 testes
1247 725 1279 768 se
1300 723 1368 781 pro-

198 825 352 908 ducturum
373 839 437 883 esec
457 821 709 893 testimoniumque
730 833 789 878 non
810 818 890 878 illico
911 819 1064 878 recitatum
1085 816 1123 874 iri
1144 811 1296 886 significat,
1318 808 1369 868 sed

198 928 265 990 illoc
286 943 318 986 se
339 941 434 986 secum
455 923 596 984 adductos
617 924 649 982 iu
670 927 804 995 promptu
825 921 934 982 habere
949 919 1080 980 declarat
1092 921 1124 976 et
1137 915 1207 974 dare
1229 913 1299 989 (Cic.
1315 927 1369 984 pro

199 1029 332 1104 Quinctio
354 1029 405 1088 23.
428 1027 445 1105 5
468 1027 520 1100 75)
541 1025 685 1086 indicibus
706 1029 825 1098 potatus
846 1030 900 1095 cst,
922 1038 1059 1097 praesens
1080 1025 1194 1092 ternpus
1214 1019 1370 1088 usurpatur

199 1133 372 1215 παρέχομαι
394 1124 558 1211 μάρτυρας
585 1127 671 1203 (‚‚ich
692 1125 770 1185 biete
790 1127 912 1207 Zeugeu
927 1125 1019 1202 an“)‚
1043 1123 1134 1184 veluti
1153 1136 1197 1180 or.
1222 1121 1251 1178 ό.
1279 1117 1296 1194 ᾖ
1318 1118 1368 1176 20.

200 1230 241 1310 ὦς
268 1233 325 1314 μὲν
350 1231 453 1296 τοίνυν
479 1232 657 1313 περιφανῶς
681 1223 851 1308 ψεύδονται
877 1221 1041 1309 μάρτυρας
1067 1219 1139 1304 δμΐν
1167 1213 1370 1301 παρεχόμεθα

200 1333 274 1409 τοὺς
299 1327 473 1417 παρόντας,
500 1323 547 1392 ότι
574 1325 775 1409 Δικαιογένης
800 1327 857 1407 μὲν
885 1325 1037 1410 ἀφίστατο
1065 1333 1131 1390 τοῖν
1157 1323 1245 1386 δυοῖν
1264 1324 1371 1402 μεροῖν

200 1439 258 1499 τοῦ
278 1429 394 1516 κλήρου
416 1432 468 1495 καλ
490 1424 639 1511 ὡμολόγει
663 1425 926 1512 ἀναμφισβήτητα
948 1421 1144 1510 παραδώσειν
1157 1420 1369 1496 ταῖςΔικοιο-

200 1536 305 1620 γένους
330 1532 496 1618 ἇδώφαῖς,
524 1524 700 1612 Λεωχάρης
726 1529 760 1592 δὲ
787 1530 930 1611 ἐτεχνᾶτο
957 1527 1029 1605 (sor.
1051 1525 1205 1610 ἠγγυᾶτο)
1234 1514 1370 1586 αότδνό

201 1631 378 1716 ὡμολόγησε
401 1636 451 1698 καὶ
474 1627 620 1713 ποιήσειν,
642 1644 764 1703 qnorum
784 1631 938 1692 vorborum
959 1647 1014 1705 cpe
1028 1628 1201 1704 corrigenda
1215 1631 1283 1686 sunt
1298 1637 1373 1696 quoe
1440 1645 1443 1652 ·

200 1737 336 1812 unnim
357 1735 485 1798 eiusdem
506 1751 550 1793 or.
565 1732 623 1808 §4-
645 1727 693 1794 ὅτι
714 1731 851 1814 μὲνγὰρ
873 1729 1076 1813 Δικαιογένης
1097 1724 1245 1810 ὡμολόγει
1267 1747 1378 1806 παρα-Ὶ

202 1833 312 1902 idom
332 1831 405 1918 ἡμῖν
426 1823 470 1900 ὧν
490 1831 651 1897 κατέλιπεν
672 1829 688 1896 ὁ
711 1833 885 1908 Μενεξένου
908 1831 947 1896 τὰ
970 1827 1026 1895 δόο
1047 1830 1127 1912 μέρη
1148 1825 1235 1911 ἡμεῖς
1249 1820 1372 1908 μάρτυ-

202 1963 260 2019 ρας
285 1933 489 2020 παρεξόμεθα
514 1935 564 1998 καὶ
592 1928 639 1998 ότι
668 1929 846 2017 Λεωχάρης
872 1928 1055 2018 ἐνεγυήσατο
1087 1933 1159 2009 (sur.
1181 1923 1373 2012 ἠγγυήσατο)

203 2037 298 2104 αὐτὸν
319 2043 417 2102 ταῦτα
440 2030 590 2117 ποιήσεαι
620 2038 662 2098 ibi
683 2038 760 2096 enim
782 2030 984 2118 παρεχόμεθα
1005 2035 1189 2096 scribendum
1210 2049 1273 2092 esse
1294 2028 1373 2106 οἰδα·

201 2147 270 2202 nunt
291 2141 425 2199 Beiterus
447 2138 656 2214 sauppiusque.
689 2137 748 2200 on.
766 2139 854 2197 etiem
875 2153 917 2198 or.
932 2139 961 2196 8.
984 2136 1001 2215 ξ
1018 2139 1069 2196 29.
1091 2141 1153 2200 τῶν
1163 2133 1220 2215 μὲν
1234 2132 1374 2195 παλαιῶν

203 2239 299 2323 ἀκοήν
320 2232 560 2321 μαρτυροόντων
581 2233 798 2320 παρεχόμενος.

207 2477 211 2484 ·
287 2442 434 2506 Eiusdem
455 2457 499 2504 or.
530 2441 550 2518 ᾗ
577 2441 629 2507 20.
674 2435 715 2515 ὥς
742 2432 873 2506 οὖντὸν
895 2437 1017 2506 ἅπαντα
1036 2436 1150 2523 χρόνον
1171 2437 1324 2527 διόφορος
1338 2432 1377 2526 ήν

203 2545 333 2620 Κλέωνι,
354 2540 502 2608 τοότων
521 2538 593 2622 ὑμῖν
609 2541 681 2618 τοὺς
696 2538 875 2618 συνειδότας
886 2538 1050 2626 μάρτυρας
1064 2542 1254 2626 παρέξομαι..
1273 2547 1377 2606 Nullus

202 2648 396 2720 interpretum
408 2649 439 2708 in
461 2647 600 2708 hocloco
622 2645 752 2719 offendit,
776 2663 950 2721 quamquam
970 2648 1092 2720 pluralis
1110 2663 1248 2708 numerus
1260 2644 1378 2712 τούτων

204 2749 241 2810 de
262 2765 322 2808 una
341 2749 393 2808 illa
414 2766 489 2822 quae
510 2748 711 2808 intercedebat
730 2749 808 2808 inter
824 2749 1009 2822 Astyphilnm
1031 2757 1062 2810 et
1075 2748 1212 2810 Cleonem
1233 2751 1378 2810 discordia

204 2851 294 2912 mirus
315 2855 411 2910 estet
432 2851 586 2910 insolens·
610 2849 653 2908 At
673 2850 750 2910 enim
771 2857 906 2910 nonnum
926 2852 1039 2925 plurale
1060 2853 1238 2926 pronominis
1257 2853 1377 2914 demon

204 2953 319 3014 suntid
332 2951 410 3011 hond
424 2967 492 3012 raro
507 2952 661 3025 singularis
683 2951 760 3012 vices
781 2954 913 3026 sustinet,
937 2953 974 3013 de
995 2971 1052 3028 qno
1073 2969 1129 3013 usn
1146 2955 1208 3027 ipse
1223 2954 1378 3029 anquando

205 3054 350 3128 &scamni
370 3053 402 3112 in
423 3053 564 3112 vindiciis
585 3053 715 3125 Lysiacie
736 3067 765 3126 p.
789 3056 839 3114 38.
864 3055 915 3114 59.
942 3057 1012 3114 115.
1053 3054 1114 3114 Sed
1136 3052 1167 3115 id
1189 3057 1322 3128 quotiens
1335 3055 1378 3128 fit,

102 3167 106 3172 ’
206 3167 266 3218 uon
287 3155 321 3216 fit
341 3155 398 3216 nisi
420 3155 499 3214 eins
523 3153 617 3212 modi
638 3171 686 3214 res
708 3154 845 3216 dicuntur
866 3157 927 3216 sive
949 3158 1044 3222 telos
1065 3158 1264 3231 condiciones,
1287 3160 1380 3233 qualis
1503 3189 1506 3196 =

205 3263 250 3320 est
271 3275 330 3318 nne
348 3259 408 3316 iem
428 3261 667 3320 commemorota.
713 3257 792 3328 Quae
813 3258 977 3318 observatio
1005 3275 1040 3318 eo
1061 3253 1155 3318 minue
1177 3261 1256 3320 cedit
1276 3263 1307 3320 in
1328 3279 1379 3320 no-

204 3360 414 3429 stramineum,
437 3357 516 3430 quod
529 3372 665 3416 numerus
683 3356 854 3431 plurativus,
877 3361 1119 3433 siquidemsene
1135 3362 1279 3435 scriptura
1294 3369 1380 3435 essct,

203 3463 242 3522 ad
262 3478 350 3522 mam
377 3458 537 3532 respiceret
564 3473 685 3530 eamque
712 3475 879 3532 suspensam
906 3463 1146 3524 enunciationem.
1190 3463 1381 3538 Addequod
1409 3519 1416 3524 .

205 3565 231 3622 si
245 3579 304 3623 non
319 3577 574 3636 supervacaneum,
598 3566 629 3621 et
650 3565 729 3620 certe
751 3561 867 3622 minime
889 3565 1082 3624 necessarium
1098 3572 1174 3625 esset
1186 3559 1316 3627 τούτων.
1338 3567 1382 3625 Tc

206 3665 295 3736 igitur
309 3664 431 3724 emenda
451 3669 482 3724 et
503 3662 649 3736 distingue
669 3663 726 3721 sio:
750 3656 792 3736 ὦς
813 3652 870 3726 σόν
889 3662 945 3728 τόν
968 3661 1091 3728 ἅπαντα
1102 3661 1217 3750 χρόνον
1232 3658 1384 3748 διάφορος

206 3751 245 3843 ἦν
265 3762 413 3826 Κλέωνι
440 3762 595 3848 τουτῳί,
629 3757 703 3843 όμῖν
729 3762 804 3837 τοδς
825 3768 938 3830 συνειδ.
965 3789 1059 3849 μαρτ.
1081 3765 1265 3847 παρέξομαι.
1315 3765 1384 3826 (ileo

206 3865 283 3926 enirn
311 3881 376 3922 cnm
390 3865 542 3952 gistyphili
568 3866 646 3926 bona
672 3864 732 3924 filio
761 3883 813 3926 sno
835 3869 964 3928 nondum
990 3870 1035 3930 sni
1064 3869 1136 3928 iuris
1163 3865 1239 3926 facto
1261 3873 1418 3955 penset„

206 3965 318 4039 ipsein
340 3963 447 4024 indicio
468 3965 578 4026 ederat.
624 3967 719 4038 Quare
740 3965 852 4030 Κλέων
874 3962 978 4033 οὑτοσὶ
996 3969 1179 4044 appessomr,
1208 3985 1272 4028 cum
1294 3971 1384 4030 oculis

207 4068 253 4128 vel
267 4067 360 4140 digito
376 4065 544 4140 designatur
566 4068 602 4126 eb
625 4084 660 4128 eo
683 4069 733 4142 qui
754 4069 846 4130 verba
867 4069 937 4132 fecit
951 4071 1100 4148 (epodon.
1114 4072 1200 4144 Dysc.
1213 4088 1242 4145 p.
1257 4073 1383 4149 75Bk.)‚

206 4175 240 4230 ut
266 4169 284 4246 ὃ
305 4173 341 4240 2,
376 4169 427 4229 ubi
449 4168 575 4228 editores
597 4170 666 4230 Tur.
689 4177 769 4232 recte
788 4184 979 4234 resecuerunt
999 4174 1152 4234 nitidulum
1173 4178 1248 4232 ¹anto
1275 4171 1384 4234 Κλέαν

208 4270 283 4340 melo
304 4271 463 4343 indutum,
487 4269 552 4348 §30
577 4274 699 4346 10..17,
722 4274 773 4336 nbi
794 4278 907 4349 corrigo
930 4269 947 4336 ό
971 4273 1114 4346 Κλέωνος
1135 4273 1258 4336 τουτουὶ
1282 4267 1384 4358 πατήρ
