3066 4836
730 319 768 374 41

165 503 236 588 μεθ’
258 500 342 588 ἡμᾶς
363 503 473 568 ἅίῠωοι
492 512 559 579 τοῖς
578 499 736 587 ἡμετέροις
763 500 866 578 ποιοί,
890 500 972 566 τοῦτ’
1000 496 1061 584 ἤδη
1090 497 1234 565 σκεπτέον
1260 497 1337 566 tort

164 609 368 683 insoponpns
394 607 459 667 irre
487 604 662 689 ἀγχιστείας
687 606 818 679 Hagniae
851 603 1042 665 hmsditutern
1061 604 1158 678 'petit
1194 601 1338 666 emesa

164 713 275 772 Stratie
296 715 328 770 et
347 709 506 782 emmas,
529 707 635 782 quibus
654 719 780 781 aequm
800 707 846 766 ius
866 706 964 768 fumat
983 721 1048 768 oute
1067 706 1134 779 iiie,
1156 723 1221 768 oum
1241 711 1339 769 esseio

166 810 335 892 ἀνεψιαδοῖ
358 812 419 871 aive
441 804 579 889 ἀνεψιῶν
600 809 665 883 iiiii,
695 809 800 882 quim
820 811 867 870 ins
887 809 1059 870 hereditatis
1079 808 1239 882 aporiae
1257 825 1337 870 oom-
1423 855 1427 866 ,

164 913 299 990 potebat:
320 918 354 972 st
373 927 443 973 vero
466 909 645 990 ἀνεψιαδῶν
664 911 726 984 iiiii,
749 913 857 986 quippe
877 913 928 986 qui
949 917 1046 972 essent
1059 916 1143 972 extra
1155 907 1338 992 ἀγχιστείαν,

165 1017 220 1077 hoo
241 1018 305 1076 iure
326 1031 379 1090 per
399 1014 494 1090 legem
514 1013 751 1074 excludebantur.
784 1016 851 1076 Hoo
869 1015 900 1073 in
920 1015 1085 1075 nuirerem
1106 1013 1242 1087 explanat
1255 1018 1338 1074 aaut·

156 1101 257 1194 'legem
277 1119 370 1192 ipsam
390 1116 508 1179 reeitari
528 1115 640 1176 iniens
683 1115 728 1178 De
743 1115 894 1177 moesos
914 1122 1012 1176 antem
1032 1114 1102 1190 fluo,
1124 1117 1170 1178 oai
1188 1107 1342 1178 unimam

165 1219 337 1282 temne
357 1225 471 1293 pmeen
491 1223 571 1278 tuter
584 1219 791 1292 postulaverat,
813 1217 907 1278 dhes
920 1219 985 1279 looe
998 1219 1174 1280 mentionem
1191 1218 1338 1279 mammet

167 1327 274 1395 orator,
295 1327 406 1381 reotarn
426 1321 683 1395 argumentationis
702 1322 845 1380 rationem
858 1320 1067 1395 perturbasset,
1089 1321 1135 1381 vel
1148 1321 1246 1396 potius
1258 1319 1337 1393 quod

168 1423 420 1483 demonstrandum
441 1429 514 1496 erat,
535 1428 682 1496 teonquaur
702 1423 932 1485 demontratnm
944 1423 1029 1482 initio
1039 1423 1192 1497 posuisset.
1220 1423 1337 1482 Etenim

167 1525 185 1604 g
208 1529 245 1585 12
267 1522 376 1603 extr.*)
396 1531 429 1586 et
451 1527 489 1584 13
511 1526 553 1583 in.
579 1526 622 1584 ita
643 1526 848 1585 ratioeinatur:
872 1539 938 1585 oum
957 1525 1005 1584 lex
1024 1531 1140 1586 nosuoa
1167 1524 1242 1602 (τῶν
1263 1522 1335 1588 ἂνε-

165 1627 303 1707 prater)
324 1626 432 1686 iiberos
452 1625 490 1686 ab
513 1624 668 1715 ἄγχεσεείᾳ
689 1628 840 1700 mitiss,
863 1627 972 1688 eisdem
993 1628 1081 1687 etiarn
1100 1628 1147 1688 ius
1167 1626 1339 1688 manuos

166 1728 297 1803 derogat.
340 1729 431 1802 Atqui
458 1729 493 1786 si
518 1728 574 1788 ius
604 1729 658 1788 eis
683 1729 820 1789 nullum
848 1735 917 1802 est,
955 1745 1077 1803 quomm
1108 1733 1207 1802 peaes
1234 1728 1337 1788 mdein

163 1847 275 1890 maan
302 1829 526 1904 propinquum
553 1831 646 1903 gradu
672 1832 816 1905 iiagninn
843 1833 1005 1906 rodogoni,
1037 1847 1075 1892 ne
1101 1846 1193 1904 puero
1220 1827 1338 1904 quidem

161 1934 213 1993 isti
231 1933 281 1992 ius
300 1931 392 1992 ullum
410 1947 476 1992 eme
495 1937 602 2006 puteat,
624 1949 688 1992 eam
709 1933 772 1993 etue
792 1939 877 2008 pater
898 1934 1021 1994 eundern
1034 1933 1259 2008 propinquitatis
1271 1949 1338 1996 uuus
1409 1961 1414 1970 ·

163 2035 222 2094 iuis
242 2033 337 2094 losum
358 2033 526 2094 obtinuerit.
570 2035 650 2109 Ergo
677 2042 759 2096 actor
786 2052 823 2096 ex
844 2053 880 2096 eo
902 2036 980 2110 quod
999 2036 1065 2110 iege
1085 2036 1272 2096 oenadtntnnr
1293 2040 1339 2096 eat

164 2136 299 2211 quodque
319 2137 350 2194 in
371 2136 537 2195 universnm
559 2153 649 2209 genus
669 2139 827 2198 liberorum
848 2142 910 2201 τῶν
932 2134 1111 2217 ἀνεψιαδῶν
1131 2137 1223 2209 vaiet,
1245 2138 1337 2198 inter·-

163 2243 298 2312 pretatnr
317 2237 348 2296 id
370 2237 447 2311 qnod
469 2253 599 2297 seorsum
619 2241 748 2313 pertinet
768 2239 805 2299 ad
827 2241 1066 2314 patronatum,
1088 2241 1336 2313 argumentatione
1374 2221 1379 2224 ’

167 2337 375 2413 mus-rotgeri
401 2346 484 2400 utens
512 2355 561 2412 ea,
588 2343 621 2400 ut
648 2341 725 2413 quod
753 2341 790 2400 de
816 2347 878 2402 tote
905 2354 1012 2416 genere
1039 2342 1167 2415 ditatur,
1202 2342 1281 2402 idem
1305 2342 1337 2400 in

168 2439 297 2514 singutas
316 2442 383 2521 ‘dus
410 2448 509 2516 partes
537 2441 642 2502 cadere
668 2443 847 2503 ostendatur.
890 2445 993 2518 Itaque
1018 2443 1097 2504 haud
1119 2445 1272 2538 obesorum
1291 2449 1339 2504 eet

166 2545 204 2603 ab
231 2544 280 2618 ilio
307 2543 343 2604 de
372 2561 428 2618 quo
456 2545 635 2619 disputamus
663 2546 727 2604 loeo
755 2546 880 2606 alienum
902 2562 965 2606 ease
986 2545 1215 2607 additamentum
1237 2544 1268 2608 iv
1290 2541 1336 2620 οἷς

167 2633 256 2720 οὗτος
276 2640 292 2709 d
315 2655 387 2720 παῖς
407 2634 455 2728 ἦν,
477 2646 508 2706 id
530 2647 607 2722 quod
629 2647 727 2722 arguit
744 2645 834 2708 etium
854 2646 1055 2723 imperieoturn
1074 2638 1123 2731 ἦν,
1144 2648 1222 2723 quod
1242 2647 1348 2722 neque*

164 2763 229 2806 oum
250 2747 373 2807 veritate
394 2749 439 2808 rei
459 2749 601 2822 mugiuit,
624 2765 689 2809 eant
709 2764 783 2824 puer
799 2751 860 2812 iste
882 2752 1040 2824 etiamtum,
1063 2768 1128 2812 oum
1148 2752 1221 2810 haeo
1242 2750 1336 2810 oratio

163 2849 336 2922 hebetatio,
358 2851 390 2908 in
410 2849 479 2910 fiiiis
499 2852 737 2912 consobrinorum
757 2859 834 2913 esset
854 2860 952 2927 atque,
975 2860 1008 2914 ut
1028 2869 1082 2928 per
1101 2870 1132 2913 ee
1148 2853 1336 2927 intellegitur.

163 2955 323 3024 supeream
351 2959 382 3012 et
408 2951 561 3013 admodum
588 2955 709 3016 moleste
736 2971 772 3016 ao
786 2956 897 3030 *putide
927 2961 994 3030 poet
1016 2951 1072 3018 oda
1091 2943 1131 3038 ἢν
1151 2960 1211 3013 taur
1232 2956 1337 3028 exiguo

162 3053 317 3111 intervallo
343 3056 495 3127 repetitor.
539 3057 605 3116 Huo
630 3059 743 3118 aooodit
762 3059 870 3118 oodids
891 3059 915 3118 Z
935 3058 1145 3130 testimoninm,
1175 3056 1254 3142 quod
1281 3057 1337 3116 etsi

163 3169 222 3212 non
249 3156 363 3228 magni,
390 3161 488 3216 tomen
508 3175 567 3220 non
588 3161 733 3232 quantivis
754 3159 964 3220 assumendum
986 3165 1044 3232 eet,
1074 3174 1139 3218 enm
1159 3159 1256 3218 seriba
1274 3159 1337 3218 eiua

164 3269 201 3314 ex
221 3256 280 3315 ulio
301 3255 381 3317 tonte
402 3258 532 3320 hausisse
553 3261 686 3320 videatur
707 3277 793 3336 quarn
815 3269 948 3322 aroteres
974 3261 1104 3320 eoeneum
1124 3260 1152 3320 A
1174 3259 1259 3320 etB.
1301 3262 1336 3320 In
1448 3265 1451 3270 '

163 3349 220 3415 hoo
240 3359 317 3416 enim
338 3359 413 3418 iibro
434 3377 520 3419 mser.
542 3363 631 3422 rerba
651 3363 702 3422 illa
724 3365 756 3426 is
778 3357 824 3438 οἷς
845 3353 935 3436 οὗτος
956 3357 975 3424 ὁ
996 3369 1068 3436 ταῖς
1089 3350 1127 3445 ἦν
1154 3364 1251 3437 posita
1269 3367 1338 3422 eunt

163 3463 230 3530 post
257 3455 406 3538 ἀγχιστὲει
439 3461 499 3538 (sio
516 3464 567 3524 iiie
588 3480 642 3538 pro
664 3461 882 3544 ἀγχιστεύεεν),
914 3481 950 3524 ex
972 3481 1030 3539 que
1050 3465 1128 3526 sedis
1153 3449 1355 3526 vacillatione

164 3573 224 3616 non
243 3559 350 3620 iniuria
370 3564 503 3623 oonoludi
524 3571 619 3639 potest
638 3567 689 3623 illa
703 3583 739 3625 ex
754 3565 940 3627 adnotatione
963 3583 981 3626 a
1003 3568 1092 3626 eoiolo
1107 3567 1231 3641 quodam
1245 3568 1335 3626 inter-

164 3665 247 3733 prete
269 3661 306 3720 ad
327 3665 486 3737 marginem
500 3669 617 3745 eppiota
629 3667 659 3726 in
671 3669 775 3728 seriem
787 3668 941 3728 verborum
954 3671 1137 3744 surrepsisse.
1167 3669 1225 3729 Sed
1238 3668 1336 3729 verbis

166 3761 211 3819 his
231 3763 404 3838 importunis
426 3769 547 3828 sublatis
569 3769 696 3830 nondum
717 3769 814 3829 omnia
834 3776 902 3830 eunt
922 3773 993 3830 vitia
1014 3771 1138 3831 sublata.
1172 3770 1247 3845 Quid
1259 3771 1335 3830 enirn

164 3865 227 3926 vult
246 3866 325 3928 istud
346 3864 551 3949 ἀγχιστεύειν,
574 3871 650 3945 quod
673 3886 767 3946 neque
788 3874 1000 3947 leucographis
1021 3873 1168 3934 veteribus
1190 3874 1336 3948 eognitum

132 4085 136 4092 ,
231 4031 256 4100 *)
274 4029 364 4086 Verba
382 4023 422 4093 οἷς
440 4035 472 4089 ei
490 4039 537 4090 καὶ
556 4034 768 4104 τετελευτηκότες
784 4031 861 4104 ὦσεν,
880 4033 915 4097 ὡς
933 4035 998 4109 ἐγώ,
1017 4037 1133 4095 δίδωσιν
1151 4036 1166 4092 ὀ
1186 4035 1271 4111 νόμος
1287 4035 1335 4108 τὴν
1372 4053 1375 4060 ’

159 4113 268 4186 Ἁγνίου
295 4119 483 4190 κληρονομίαν
510 4128 601 4189 aperte
627 4127 839 4190 corrupissent.
895 4121 1003 4191 Corrigo
1030 4139 1062 4176 ex
1088 4129 1165 4192 parte
1191 4125 1335 4178 secundnm

161 4199 315 4256 Reiskium:
334 4197 375 4263 οἷς
393 4203 424 4257 ui
442 4203 509 4275 μηδ’
527 4204 576 4263 etv
593 4205 782 4274 τετελευτηκὼς
799 4201 821 4260 ὦ
839 4203 903 4279 ἐγώ,
921 4206 1037 4264 dtdwow
1055 4204 1170 4279 ὁνόμος
1178 4206 1227 4277 τὴν
1234 4206 1270 4263 Ἀ.
1279 4213 1334 4264 κτλ.

162 4283 280 4342 Verbum
298 4289 367 4342 enim
386 4282 456 4344 ὦσεν
471 4305 521 4359 per
538 4289 741 4364 δεττογροφίον
757 4291 889 4360 qrrandarn
907 4307 923 4345 e
939 4291 1057 4347 δίδωσιν
1068 4307 1210 4361 procusum
1222 4293 1333 4350 videtur.
