<?xml version="1.0" encoding="UTF-8"?>
<!DOCTYPE html PUBLIC "-//W3C//DTD XHTML 1.0 Transitional//EN"
    "http://www.w3.org/TR/xhtml1/DTD/xhtml1-transitional.dtd">
<html xmlns="http://www.w3.org/1999/xhtml" xml:lang="en" lang="en">
 <head>
  <title>
</title>
<meta http-equiv="Content-Type" content="text/html;charset=utf-8" />
  <meta name='ocr-system' content='tesseract 3.04.00' />
  <meta name='ocr-capabilities' content='ocr_page ocr_carea ocr_par ocr_line ocrx_word'/>
</head>
<body>
  <div class='ocr_page' id='page_1' title='image "./commentatiocrit00schegoog_0045.png"; bbox 0 0 3066 4836; ppageno 0'>
   <div class='ocr_carea' id='block_1_1' title="bbox 138 261 1392 1864">
    <p class='ocr_par' dir='ltr' id='par_1_1' title="bbox 721 261 873 358">
     <span class='ocr_line' id='line_1_1' title="bbox 721 261 873 358; baseline 0 -2"><span class='ocrx_word' id='word_1_1' title='bbox 721 261 873 358; x_wconf 44' lang='lat'>...³2</span> 
     </span>
    </p>

    <p class='ocr_par' dir='ltr' id='par_1_2' title="bbox 138 439 1392 1246">
     <span class='ocr_line' id='line_1_2' title="bbox 138 439 1392 534; baseline 0.002 -22"><span class='ocrx_word' id='word_1_2' title='bbox 138 491 168 512; x_wconf 72' lang='grc'><strong>,,-</strong></span> <span class='ocrx_word' id='word_1_3' title='bbox 212 449 394 521; x_wconf 66' lang='lat' dir='ltr'><strong>coniunctim·</strong></span> <span class='ocrx_word' id='word_1_4' title='bbox 420 465 494 522; x_wconf 83' lang='lat' dir='ltr'><strong>qaae</strong></span> <span class='ocrx_word' id='word_1_5' title='bbox 516 449 593 512; x_wconf 86' lang='lat' dir='ltr'><strong>haud</strong></span> <span class='ocrx_word' id='word_1_6' title='bbox 610 439 733 508; x_wconf 45' lang='lat' dir='ltr'><strong>&#39;edelar</strong></span> <span class='ocrx_word' id='word_1_7' title='bbox 755 454 896 524; x_wconf 74' lang='lat' dir='ltr'><strong>nusquam</strong></span> <span class='ocrx_word' id='word_1_8' title='bbox 917 451 1080 509; x_wconf 80' lang='lat' dir='ltr'><strong>inveniatur</strong></span> <span class='ocrx_word' id='word_1_9' title='bbox 1106 447 1261 532; x_wconf 84' lang='grc' dir='ltr'><strong><em>συγγίνεια</em></strong></span> <span class='ocrx_word' id='word_1_10' title='bbox 1290 449 1392 534; x_wconf 87' lang='grc' dir='ltr'><strong><em>πρδς</em></strong></span> 
     </span>
     <span class='ocr_line' id='line_1_3' title="bbox 212 546 1391 634; baseline 0 -20"><span class='ocrx_word' id='word_1_11' title='bbox 212 546 303 634; x_wconf 77' lang='grc' dir='ltr'><strong><em>ἡμᾶς.</em></strong></span> <span class='ocrx_word' id='word_1_12' title='bbox 348 552 392 612; x_wconf 84' lang='lat' dir='ltr'><strong>Ao</strong></span> <span class='ocrx_word' id='word_1_13' title='bbox 413 552 503 624; x_wconf 87' lang='lat' dir='ltr'><strong>siquis</strong></span> <span class='ocrx_word' id='word_1_14' title='bbox 522 550 598 612; x_wconf 81' lang='lat' dir='ltr'><strong>forte</strong></span> <span class='ocrx_word' id='word_1_15' title='bbox 620 553 690 610; x_wconf 91' lang='lat' dir='ltr'><strong>mihi</strong></span> <span class='ocrx_word' id='word_1_16' title='bbox 708 553 819 613; x_wconf 85' lang='lat' dir='ltr'><strong>obiciat</strong></span> <span class='ocrx_word' id='word_1_17' title='bbox 838 549 917 611; x_wconf 83' lang='lat' dir='ltr'><strong>infra</strong></span> <span class='ocrx_word' id='word_1_18' title='bbox 945 552 961 630; x_wconf 64' lang='grc' dir='ltr'><strong>ξ</strong></span> <span class='ocrx_word' id='word_1_19' title='bbox 983 555 1034 612; x_wconf 81' lang='grc'><strong>35.</strong></span> <span class='ocrx_word' id='word_1_20' title='bbox 1058 555 1391 627; x_wconf 56' lang='lat' dir='ltr'><strong>deosculationem</strong></span> 
     </span>
     <span class='ocr_line' id='line_1_4' title="bbox 211 653 1390 730; baseline 0.002 -16"><span class='ocrx_word' id='word_1_21' title='bbox 211 654 249 716; x_wconf 87' lang='lat' dir='ltr'><strong>ab</strong></span> <span class='ocrx_word' id='word_1_22' title='bbox 271 659 368 714; x_wconf 90' lang='lat' dir='ltr'><strong>actore</strong></span> <span class='ocrx_word' id='word_1_23' title='bbox 390 655 466 714; x_wconf 90' lang='lat' dir='ltr'><strong>inter</strong></span> <span class='ocrx_word' id='word_1_24' title='bbox 489 667 589 714; x_wconf 78' lang='lat' dir='ltr'><strong>causas</strong></span> <span class='ocrx_word' id='word_1_25' title='bbox 610 653 715 715; x_wconf 88' lang='lat' dir='ltr'><strong>referri</strong></span> <span class='ocrx_word' id='word_1_26' title='bbox 738 671 789 714; x_wconf 89' lang='lat' dir='ltr'><strong>cur</strong></span> <span class='ocrx_word' id='word_1_27' title='bbox 811 653 900 714; x_wconf 84' lang='lat' dir='ltr'><strong>firerit</strong></span> <span class='ocrx_word' id='word_1_28' title='bbox 921 656 959 716; x_wconf 87' lang='lat' dir='ltr'><strong>ab</strong></span> <span class='ocrx_word' id='word_1_29' title='bbox 971 655 1149 730; x_wconf 86' lang='lat' dir='ltr'><strong>Apollodoro</strong></span> <span class='ocrx_word' id='word_1_30' title='bbox 1172 654 1334 730; x_wconf 80' lang='lat' dir='ltr'><strong>adoptatus,</strong></span> <span class='ocrx_word' id='word_1_31' title='bbox 1357 659 1390 716; x_wconf 84' lang='lat' dir='ltr'><strong>is</strong></span> 
     </span>
     <span class='ocr_line' id='line_1_5' title="bbox 211 757 1388 832; baseline 0.001 -13"><span class='ocrx_word' id='word_1_32' title='bbox 211 763 309 819; x_wconf 85' lang='lat' dir='ltr'><strong>teneat</strong></span> <span class='ocrx_word' id='word_1_33' title='bbox 329 757 374 815; x_wconf 88' lang='lat' dir='ltr'><strong>his</strong></span> <span class='ocrx_word' id='word_1_34' title='bbox 395 757 466 816; x_wconf 87' lang='lat' dir='ltr'><strong>locis</strong></span> <span class='ocrx_word' id='word_1_35' title='bbox 488 762 633 818; x_wconf 84' lang='lat' dir='ltr'><strong>oratorem</strong></span> <span class='ocrx_word' id='word_1_36' title='bbox 654 757 788 818; x_wconf 85' lang='lat' dir='ltr'><strong>universe</strong></span> <span class='ocrx_word' id='word_1_37' title='bbox 809 759 974 831; x_wconf 84' lang='lat' dir='ltr'><strong>loquentem</strong></span> <span class='ocrx_word' id='word_1_38' title='bbox 996 775 1026 817; x_wconf 86' lang='lat' dir='ltr'><strong>se</strong></span> <span class='ocrx_word' id='word_1_39' title='bbox 1048 775 1106 817; x_wconf 89' lang='lat' dir='ltr'><strong>non</strong></span> <span class='ocrx_word' id='word_1_40' title='bbox 1125 773 1296 832; x_wconf 88' lang='lat' dir='ltr'><strong>comparare</strong></span> <span class='ocrx_word' id='word_1_41' title='bbox 1317 775 1388 820; x_wconf 87' lang='lat' dir='ltr'><strong>cum</strong></span> 
     </span>
     <span class='ocr_line' id='line_1_6' title="bbox 211 859 1388 944; baseline 0.002 -24"><span class='ocrx_word' id='word_1_42' title='bbox 211 860 393 920; x_wconf 89' lang='lat' dir='ltr'><strong>adversariis.</strong></span> <span class='ocrx_word' id='word_1_43' title='bbox 428 859 615 920; x_wconf 84' lang='lat' dir='ltr'><strong>Reiciendnm</strong></span> <span class='ocrx_word' id='word_1_44' title='bbox 638 866 682 920; x_wconf 87' lang='lat' dir='ltr'><strong>est</strong></span> <span class='ocrx_word' id='word_1_45' title='bbox 702 861 790 934; x_wconf 83' lang='lat' dir='ltr'><strong>igitur</strong></span> <span class='ocrx_word' id='word_1_46' title='bbox 811 861 981 920; x_wconf 89' lang='lat' dir='ltr'><strong>vocabulum</strong></span> <span class='ocrx_word' id='word_1_47' title='bbox 1003 861 1182 944; x_wconf 76' lang='grc' dir='ltr'><strong><em>συγγενείας,</em></strong></span> <span class='ocrx_word' id='word_1_48' title='bbox 1205 861 1388 936; x_wconf 87' lang='lat' dir='ltr'><strong>quodquam</strong></span> 
     </span>
     <span class='ocr_line' id='line_1_7' title="bbox 211 961 1386 1040; baseline 0.001 -18"><span class='ocrx_word' id='word_1_49' title='bbox 211 963 352 1023; x_wconf 81' lang='lat' dir='ltr'><strong>maculam</strong></span> <span class='ocrx_word' id='word_1_50' title='bbox 364 962 522 1035; x_wconf 84' lang='lat' dir='ltr'><strong>susceperit</strong></span> <span class='ocrx_word' id='word_1_51' title='bbox 535 962 653 1036; x_wconf 87' lang='lat' dir='ltr'><strong>planum</strong></span> <span class='ocrx_word' id='word_1_52' title='bbox 667 961 718 1022; x_wconf 92' lang='lat' dir='ltr'><strong>fiet</strong></span> <span class='ocrx_word' id='word_1_53' title='bbox 730 963 926 1023; x_wconf 82' lang='lat' dir='ltr'><strong>reminiscenti</strong></span> <span class='ocrx_word' id='word_1_54' title='bbox 940 963 1236 1022; x_wconf 85' lang='lat' dir='ltr'><strong>benevolentiam</strong></span> <span class='ocrx_word' id='word_1_55' title='bbox 1249 980 1386 1040; x_wconf 83' lang='lat' dir='ltr'><strong>magnam</strong></span> 
     </span>
     <span class='ocr_line' id='line_1_8' title="bbox 211 1045 1385 1148; baseline 0.003 -24"><span class='ocrx_word' id='word_1_56' title='bbox 211 1073 238 1124; x_wconf 78' lang='grc' dir='ltr'><strong>ε’</strong></span> <span class='ocrx_word' id='word_1_57' title='bbox 250 1045 359 1124; x_wconf 84' lang='lat' dir='ltr'><strong>familia</strong></span> <span class='ocrx_word' id='word_1_58' title='bbox 378 1063 486 1124; x_wconf 86' lang='lat' dir='ltr'><strong>actoris</strong></span> <span class='ocrx_word' id='word_1_59' title='bbox 506 1065 539 1122; x_wconf 89' lang='lat' dir='ltr'><strong>in</strong></span> <span class='ocrx_word' id='word_1_60' title='bbox 560 1063 769 1138; x_wconf 86' lang='lat' dir='ltr'><strong>Apollodorum</strong></span> <span class='ocrx_word' id='word_1_61' title='bbox 790 1065 932 1138; x_wconf 88' lang='lat' dir='ltr'><strong>collatam,</strong></span> <span class='ocrx_word' id='word_1_62' title='bbox 955 1063 1051 1142; x_wconf 73' lang='lat' dir='ltr'><strong>§let</strong></span> <span class='ocrx_word' id='word_1_63' title='bbox 1066 1065 1094 1124; x_wconf 86' lang='grc'><strong>8.</strong></span> <span class='ocrx_word' id='word_1_64' title='bbox 1128 1065 1186 1124; x_wconf 91' lang='lat' dir='ltr'><strong>Pro</strong></span> <span class='ocrx_word' id='word_1_65' title='bbox 1209 1066 1385 1148; x_wconf 72' lang='grc' dir='ltr'><em>συγγενείας</em></span> 
     </span>
     <span class='ocr_line' id='line_1_9' title="bbox 211 1165 1383 1246; baseline 0.002 -18"><span class='ocrx_word' id='word_1_66' title='bbox 211 1168 287 1228; x_wconf 85' lang='lat' dir='ltr'><strong>anim</strong></span> <span class='ocrx_word' id='word_1_67' title='bbox 309 1167 511 1240; x_wconf 82' lang='lat' dir='ltr'><strong>conigendnm</strong></span> <span class='ocrx_word' id='word_1_68' title='bbox 533 1172 577 1226; x_wconf 90' lang='lat' dir='ltr'><strong>est</strong></span> <span class='ocrx_word' id='word_1_69' title='bbox 598 1165 808 1246; x_wconf 74' lang='grc' dir='ltr'><strong><em>εὐμενείας,</em></strong></span> <span class='ocrx_word' id='word_1_70' title='bbox 832 1168 912 1227; x_wconf 85' lang='lat' dir='ltr'><strong>cuins</strong></span> <span class='ocrx_word' id='word_1_71' title='bbox 933 1167 1065 1228; x_wconf 77' lang='lat' dir='ltr'><strong>vocabuli</strong></span> <span class='ocrx_word' id='word_1_72' title='bbox 1086 1167 1235 1241; x_wconf 82' lang='lat' dir='ltr'><strong>figurat</strong></span> <span class='ocrx_word' id='word_1_73' title='bbox 1200 1167 1306 1226; x_wconf 86' lang='lat' dir='ltr'><strong>litteris</strong></span> <span class='ocrx_word' id='word_1_74' title='bbox 1320 1185 1383 1230; x_wconf 86' lang='lat' dir='ltr'><strong>ma-</strong></span> 
     </span>
    </p>

    <p class='ocr_par' dir='ltr' id='par_1_3' title="bbox 210 1265 1381 1356">
     <span class='ocr_line' id='line_1_10' title="bbox 210 1265 1381 1356; baseline 0.004 -28"><span class='ocrx_word' id='word_1_75' title='bbox 210 1269 328 1330; x_wconf 86' lang='lat' dir='ltr'><strong>iusculis</strong></span> <span class='ocrx_word' id='word_1_76' title='bbox 350 1268 494 1342; x_wconf 86' lang='lat' dir='ltr'><strong>descripta</strong></span> <span class='ocrx_word' id='word_1_77' title='bbox 515 1285 606 1342; x_wconf 86' lang='lat' dir='ltr'><strong>prope</strong></span> <span class='ocrx_word' id='word_1_78' title='bbox 627 1270 700 1356; x_wconf 87' lang='lat' dir='ltr'><strong>nihil</strong></span> <span class='ocrx_word' id='word_1_79' title='bbox 721 1270 758 1328; x_wconf 91' lang='lat' dir='ltr'><strong>ab</strong></span> <span class='ocrx_word' id='word_1_80' title='bbox 779 1271 830 1330; x_wconf 94' lang='lat' dir='ltr'><strong>illo</strong></span> <span class='ocrx_word' id='word_1_81' title='bbox 852 1269 950 1331; x_wconf 86' lang='lat' dir='ltr'><strong>differt</strong></span> <span class='ocrx_word' id='word_1_82' title='bbox 937 1267 1290 1347; x_wconf 73' lang='grc' dir='ltr'><strong><em>ι(οΥΓΓΕΝΕΙί-</em></strong></span> <span class='ocrx_word' id='word_1_83' title='bbox 1309 1265 1381 1356; x_wconf 72' lang='grc' dir='ltr'><strong>ΘΥ</strong></span> 
     </span>
    </p>

    <p class='ocr_par' dir='ltr' id='par_1_4' title="bbox 211 1347 1381 1456">
     <span class='ocr_line' id='line_1_11' title="bbox 211 1347 1381 1456; baseline -0.001 -23"><span class='ocrx_word' id='word_1_84' title='bbox 211 1370 427 1447; x_wconf 84' lang='grc' dir='ltr'><strong>ΜΕΝΕΙΑ).</strong></span> <span class='ocrx_word' id='word_1_85' title='bbox 452 1371 544 1430; x_wconf 86' lang='lat' dir='ltr'><strong>Simili</strong></span> <span class='ocrx_word' id='word_1_86' title='bbox 565 1347 650 1431; x_wconf 83' lang='grc' dir='ltr'><strong><em>ιιιοδο</em></strong></span> <span class='ocrx_word' id='word_1_87' title='bbox 673 1378 831 1453; x_wconf 77' lang='grc' dir='ltr'><strong><em>συγγενεῖς,</em></strong></span> <span class='ocrx_word' id='word_1_88' title='bbox 854 1373 960 1456; x_wconf 73' lang='lat' dir='ltr'><strong>quod*</strong></span> <span class='ocrx_word' id='word_1_89' title='bbox 952 1389 983 1430; x_wconf 86' lang='grc' dir='ltr'><strong>ιιι</strong></span> <span class='ocrx_word' id='word_1_90' title='bbox 1005 1371 1137 1430; x_wconf 86' lang='lat' dir='ltr'><strong>omnibns</strong></span> <span class='ocrx_word' id='word_1_91' title='bbox 1156 1375 1302 1454; x_wconf 78' lang='lat' dir='ltr'><strong>quotquot</strong></span> <span class='ocrx_word' id='word_1_92' title='bbox 1321 1351 1381 1432; x_wconf 85' lang='lat' dir='ltr'><strong>col·</strong></span> 
     </span>
    </p>

    <p class='ocr_par' dir='ltr' id='par_1_5' title="bbox 209 1473 1377 1864">
     <span class='ocr_line' id='line_1_12' title="bbox 209 1473 1377 1556; baseline 0.005 -26"><span class='ocrx_word' id='word_1_93' title='bbox 209 1473 263 1532; x_wconf 90' lang='lat' dir='ltr'><strong>lati</strong></span> <span class='ocrx_word' id='word_1_94' title='bbox 284 1473 454 1532; x_wconf 83' lang='lat' dir='ltr'><strong>suntlibuis</strong></span> <span class='ocrx_word' id='word_1_95' title='bbox 475 1474 581 1548; x_wconf 81' lang='lat' dir='ltr'><strong>legitur</strong></span> <span class='ocrx_word' id='word_1_96' title='bbox 603 1473 680 1548; x_wconf 88' lang='lat' dir='ltr'><strong>apud</strong></span> <span class='ocrx_word' id='word_1_97' title='bbox 702 1473 866 1547; x_wconf 79' lang='lat' dir='ltr'><strong>Lycurgum</strong></span> <span class='ocrx_word' id='word_1_98' title='bbox 888 1474 990 1534; x_wconf 88' lang='lat' dir='ltr'><strong>Leocr</strong></span> <span class='ocrx_word' id='word_1_99' title='bbox 1013 1473 1029 1550; x_wconf 64' lang='grc' dir='ltr'><strong>ξ</strong></span> <span class='ocrx_word' id='word_1_100' title='bbox 1054 1477 1123 1534; x_wconf 83' lang='grc'><strong>122</strong></span> <span class='ocrx_word' id='word_1_101' title='bbox 1147 1482 1297 1556; x_wconf 76' lang='grc' dir='ltr'><strong><em>συγγενεῖς</em></strong></span> <span class='ocrx_word' id='word_1_102' title='bbox 1316 1473 1377 1556; x_wconf 83' lang='grc' dir='ltr'><strong>γὰρ</strong></span> 
     </span>
     <span class='ocr_line' id='line_1_13' title="bbox 213 1569 1372 1657; baseline -0.004 -16"><span class='ocrx_word' id='word_1_103' title='bbox 213 1573 248 1641; x_wconf 89' lang='grc' dir='ltr'><strong>ού</strong></span> <span class='ocrx_word' id='word_1_104' title='bbox 266 1571 363 1657; x_wconf 81' lang='grc' dir='ltr'><strong>Ιμόνον</strong></span> <span class='ocrx_word' id='word_1_105' title='bbox 384 1573 444 1650; x_wconf 78' lang='grc' dir='ltr'><strong><em>τοὶς</em></strong></span> <span class='ocrx_word' id='word_1_106' title='bbox 465 1572 572 1657; x_wconf 79' lang='grc' dir='ltr'><strong><em>ψυχὰς</em></strong></span> <span class='ocrx_word' id='word_1_107' title='bbox 595 1573 675 1637; x_wconf 82' lang='grc' dir='ltr'><em>ἀλλὰ</em></span> <span class='ocrx_word' id='word_1_108' title='bbox 698 1576 747 1638; x_wconf 81' lang='grc' dir='ltr'><strong>καὶ</strong></span> <span class='ocrx_word' id='word_1_109' title='bbox 769 1574 827 1649; x_wconf 85' lang='grc' dir='ltr'><strong>τὰς</strong></span> <span class='ocrx_word' id='word_1_110' title='bbox 848 1579 909 1638; x_wconf 80' lang='grc' dir='ltr'><strong>τῶν</strong></span> <span class='ocrx_word' id='word_1_111' title='bbox 934 1569 1122 1638; x_wconf 77' lang='grc' dir='ltr'><strong><em>ἀδικούντων</em></strong></span> <span class='ocrx_word' id='word_1_112' title='bbox 1142 1575 1288 1656; x_wconf 73' lang='grc' dir='ltr'><strong><em>τιμωρίας</em></strong></span> <span class='ocrx_word' id='word_1_113' title='bbox 1308 1573 1372 1636; x_wconf 78' lang='grc' dir='ltr'><strong><em>ἐκί-</em></strong></span> 
     </span>
     <span class='ocr_line' id='line_1_14' title="bbox 213 1669 1373 1762; baseline -0.007 -21"><span class='ocrx_word' id='word_1_114' title='bbox 213 1701 323 1760; x_wconf 83' lang='grc' dir='ltr'><strong><em>κτηντα</em></strong></span> <span class='ocrx_word' id='word_1_115' title='bbox 345 1683 424 1738; x_wconf 88' lang='lat' dir='ltr'><strong>recte</strong></span> <span class='ocrx_word' id='word_1_116' title='bbox 446 1694 541 1762; x_wconf 71' lang='lat' dir='ltr'><strong>nuper.</strong></span> <span class='ocrx_word' id='word_1_117' title='bbox 560 1669 710 1737; x_wconf 87' lang='lat' dir='ltr'><strong>mutatum</strong></span> <span class='ocrx_word' id='word_1_118' title='bbox 724 1683 767 1738; x_wconf 89' lang='lat' dir='ltr'><strong>est</strong></span> <span class='ocrx_word' id='word_1_119' title='bbox 788 1679 819 1737; x_wconf 93' lang='lat' dir='ltr'><strong>in</strong></span> <span class='ocrx_word' id='word_1_120' title='bbox 847 1675 986 1758; x_wconf 73' lang='grc' dir='ltr'><strong><em>εὐγενεῖς,</em></strong></span> <span class='ocrx_word' id='word_1_121' title='bbox 1017 1677 1104 1751; x_wconf 89' lang='lat' dir='ltr'><strong>idque</strong></span> <span class='ocrx_word' id='word_1_122' title='bbox 1127 1693 1179 1752; x_wconf 83' lang='lat' dir='ltr'><strong>ego</strong></span> <span class='ocrx_word' id='word_1_123' title='bbox 1201 1679 1232 1736; x_wconf 91' lang='lat' dir='ltr'><strong>in</strong></span> <span class='ocrx_word' id='word_1_124' title='bbox 1251 1673 1373 1736; x_wconf 89' lang='lat' dir='ltr'><strong>editione</strong></span> 
     </span>
     <span class='ocr_line' id='line_1_15' title="bbox 210 1777 929 1864; baseline -0.001 -24"><span class='ocrx_word' id='word_1_125' title='bbox 210 1797 275 1842; x_wconf 89' lang='lat' dir='ltr'><strong>mea</strong></span> <span class='ocrx_word' id='word_1_126' title='bbox 296 1777 405 1841; x_wconf 88' lang='lat' dir='ltr'><strong>oratori</strong></span> <span class='ocrx_word' id='word_1_127' title='bbox 426 1786 562 1864; x_wconf 25' lang='lat' dir='ltr'><strong>ut&#39;suum</strong></span> <span class='ocrx_word' id='word_1_128' title='bbox 585 1784 614 1840; x_wconf 91' lang='lat' dir='ltr'><strong>et</strong></span> <span class='ocrx_word' id='word_1_129' title='bbox 635 1783 784 1855; x_wconf 86' lang='lat' dir='ltr'><strong>proprium</strong></span> <span class='ocrx_word' id='word_1_130' title='bbox 805 1781 929 1841; x_wconf 85' lang='lat' dir='ltr'><strong>restitui.</strong></span> 
     </span>
    </p>
   </div>
   <div class='ocr_carea' id='block_1_2' title="bbox 310 1949 1163 2132">
    <p class='ocr_par' dir='ltr' id='par_1_6' title="bbox 310 1949 1163 2132">
     <span class='ocr_line' id='line_1_16' title="bbox 310 1949 1163 2132; baseline 0.001 -47"><span class='ocrx_word' id='word_1_131' title='bbox 310 2123 315 2132; x_wconf 19' lang='grc'>1</span> <span class='ocrx_word' id='word_1_132' title='bbox 358 1955 382 2066; x_wconf 70' lang='lat' dir='ltr'><em>ss</em></span> <span class='ocrx_word' id='word_1_133' title='bbox 409 1977 538 2088; x_wconf 72' lang='lat' dir='ltr'><strong>&#39;orae</strong></span> <span class='ocrx_word' id='word_1_134' title='bbox 567 2005 611 2086; x_wconf 84' lang='lat' dir='ltr'><strong>a</strong></span> <span class='ocrx_word' id='word_1_135' title='bbox 641 2003 693 2086; x_wconf 76' lang='grc' dir='ltr'><strong>σε</strong></span> <span class='ocrx_word' id='word_1_136' title='bbox 711 1949 890 2089; x_wconf 67' lang='lat' dir='ltr'><strong>vosana</strong></span> <span class='ocrx_word' id='word_1_137' title='bbox 905 1965 1163 2086; x_wconf 52' lang='lat' dir='ltr'><strong>&#39;hereditate</strong></span> 
     </span>
    </p>
   </div>
   <div class='ocr_carea' id='block_1_3' title="bbox 212 2161 1384 2383">
    <p class='ocr_par' dir='ltr' id='par_1_7' title="bbox 212 2161 1384 2375">
     <span class='ocr_line' id='line_1_17' title="bbox 296 2161 1383 2276; baseline 0.003 -27"><span class='ocrx_word' id='word_1_138' title='bbox 296 2161 382 2266; x_wconf 55' lang='lat'><strong>§16-</strong></span> <span class='ocrx_word' id='word_1_139' title='bbox 416 2193 460 2276; x_wconf 83' lang='grc' dir='ltr'><strong>τῷ</strong></span> <span class='ocrx_word' id='word_1_140' title='bbox 483 2187 542 2254; x_wconf 87' lang='grc' dir='ltr'><strong><em>Διί</em></strong></span> <span class='ocrx_word' id='word_1_141' title='bbox 560 2211 590 2251; x_wconf 87' lang='grc' dir='ltr'><strong>τε</strong></span> <span class='ocrx_word' id='word_1_142' title='bbox 614 2182 704 2250; x_wconf 75' lang='grc' dir='ltr'><strong><em>θύων</em></strong></span> <span class='ocrx_word' id='word_1_143' title='bbox 729 2193 773 2274; x_wconf 78' lang='grc' dir='ltr'><strong>τῷ</strong></span> <span class='ocrx_word' id='word_1_144' title='bbox 801 2187 929 2274; x_wconf 81' lang='grc' dir='ltr'><strong><em>κτησίῳ,</em></strong></span> <span class='ocrx_word' id='word_1_145' title='bbox 955 2190 1030 2274; x_wconf 80' lang='grc' dir='ltr'><strong>1περὶ</strong></span> <span class='ocrx_word' id='word_1_146' title='bbox 1059 2183 1099 2270; x_wconf 73' lang='grc' dir='ltr'><strong>ἣν</strong></span> <span class='ocrx_word' id='word_1_147' title='bbox 1124 2181 1245 2268; x_wconf 81' lang='grc' dir='ltr'><strong><em>μάλιστ’</em></strong></span> <span class='ocrx_word' id='word_1_148' title='bbox 1271 2187 1383 2264; x_wconf 71' lang='grc' dir='ltr'><strong><em>ἐκεῖνος</em></strong></span> 
     </span>
     <span class='ocr_line' id='line_1_18' title="bbox 212 2283 1384 2383; baseline -0.002 -29"><span class='ocrx_word' id='word_1_149' title='bbox 212 2289 326 2372; x_wconf 73' lang='grc' dir='ltr'><strong><em>θυσίαν</em></strong></span> <span class='ocrx_word' id='word_1_150' title='bbox 360 2285 527 2368; x_wconf 76' lang='grc' dir='ltr'><strong><em>ἐσπούδαζε</em></strong></span> <span class='ocrx_word' id='word_1_151' title='bbox 562 2289 612 2350; x_wconf 83' lang='grc' dir='ltr'><strong>καὶ</strong></span> <span class='ocrx_word' id='word_1_152' title='bbox 647 2283 716 2353; x_wconf 84' lang='grc' dir='ltr'><strong><em>ούτε</em></strong></span> <span class='ocrx_word' id='word_1_153' title='bbox 738 2283 882 2383; x_wconf 70' lang='grc' dir='ltr'><strong><em>’δούλους</em></strong></span> <span class='ocrx_word' id='word_1_154' title='bbox 915 2293 1068 2375; x_wconf 80' lang='grc' dir='ltr'><strong><em>προσῆγεν</em></strong></span> <span class='ocrx_word' id='word_1_155' title='bbox 1098 2284 1166 2353; x_wconf 84' lang='grc' dir='ltr'><strong><em>ούτε</em></strong></span> <span class='ocrx_word' id='word_1_156' title='bbox 1201 2288 1384 2373; x_wconf 68' lang='grc' dir='ltr'><strong><em>ἐλευθέρους</em></strong></span> 
     </span>
    </p>
   </div>
   <div class='ocr_carea' id='block_1_4' title="bbox 149 2385 1432 4304">
    <p class='ocr_par' dir='ltr' id='par_1_8' title="bbox 149 2385 1432 4092">
     <span class='ocr_line' id='line_1_19' title="bbox 211 2385 1382 2472; baseline -0.002 -18"><span class='ocrx_word' id='word_1_157' title='bbox 211 2389 367 2465; x_wconf 78' lang='grc' dir='ltr'><strong><em>ὀθνείους,</em></strong></span> <span class='ocrx_word' id='word_1_158' title='bbox 403 2386 467 2451; x_wconf 79' lang='grc' dir='ltr'><strong><em>αλλ’</em></strong></span> <span class='ocrx_word' id='word_1_159' title='bbox 494 2388 587 2464; x_wconf 78' lang='grc' dir='ltr'><strong><em>αὐτὸς</em></strong></span> <span class='ocrx_word' id='word_1_160' title='bbox 609 2387 683 2452; x_wconf 71' lang='grc' dir='ltr'><strong>δι’ι</strong></span> <span class='ocrx_word' id='word_1_161' title='bbox 670 2393 781 2454; x_wconf 81' lang='grc' dir='ltr'><strong><em>εαυτοῦ</em></strong></span> <span class='ocrx_word' id='word_1_162' title='bbox 802 2385 896 2454; x_wconf 81' lang='grc' dir='ltr'><strong><em>πάντ’</em></strong></span> <span class='ocrx_word' id='word_1_163' title='bbox 922 2389 1028 2466; x_wconf 73' lang='grc' dir='ltr'><strong><em>ἐποίει,</em></strong></span> <span class='ocrx_word' id='word_1_164' title='bbox 1055 2385 1170 2472; x_wconf 83' lang='grc' dir='ltr'><strong><em>ταύτης</em></strong></span> <span class='ocrx_word' id='word_1_165' title='bbox 1192 2385 1278 2472; x_wconf 71' lang='grc' dir='ltr'><strong><em>ἡμεῖς</em></strong></span> <span class='ocrx_word' id='word_1_166' title='bbox 1301 2391 1382 2452; x_wconf 73' lang='grc' dir='ltr'><strong><em>ἐκοι-</em></strong></span> 
     </span>
     <span class='ocr_line' id='line_1_20' title="bbox 212 2489 1382 2590; baseline 0.001 -37"><span class='ocrx_word' id='word_1_167' title='bbox 212 2495 395 2590; x_wconf 83' lang='grc' dir='ltr'><strong><em>νωνούμεν</em></strong></span> <span class='ocrx_word' id='word_1_168' title='bbox 394 2491 444 2552; x_wconf 84' lang='grc' dir='ltr'><strong><em>και</em></strong></span> <span class='ocrx_word' id='word_1_169' title='bbox 472 2489 511 2555; x_wconf 83' lang='grc' dir='ltr'><strong>τὰ</strong></span> <span class='ocrx_word' id='word_1_170' title='bbox 540 2489 606 2575; x_wconf 78' lang='grc' dir='ltr'><strong><em>ἷερδ</em></strong></span> <span class='ocrx_word' id='word_1_171' title='bbox 636 2513 943 2616; x_wconf 75' lang='grc' dir='ltr'><strong><em>σονεγειροοργουμεν</em></strong></span> <span class='ocrx_word' id='word_1_172' title='bbox 969 2493 1019 2554; x_wconf 78' lang='grc' dir='ltr'><strong>καὶ</strong></span> <span class='ocrx_word' id='word_1_173' title='bbox 1054 2491 1230 2557; x_wconf 76' lang='grc' dir='ltr'><strong><em>συνετίθε</em></strong></span> <span class='ocrx_word' id='word_1_174' title='bbox 1236 2517 1304 2572; x_wconf 86' lang='grc' dir='ltr'><strong>μεν</strong></span> <span class='ocrx_word' id='word_1_175' title='bbox 1332 2495 1382 2556; x_wconf 79' lang='grc' dir='ltr'><strong>καί</strong></span> 
     </span>
     <span class='ocr_line' id='line_1_21' title="bbox 210 2581 1383 2676; baseline 0 -20"><span class='ocrx_word' id='word_1_176' title='bbox 210 2581 310 2676; x_wconf 76' lang='grc' dir='ltr'><strong><em>τολλοι</em></strong></span> <span class='ocrx_word' id='word_1_177' title='bbox 332 2597 565 2674; x_wconf 83' lang='grc' dir='ltr'><strong><em>σονεποιοῦμεν,</em></strong></span> <span class='ocrx_word' id='word_1_178' title='bbox 601 2619 648 2656; x_wconf 86' lang='grc' dir='ltr'><strong><em>και</em></strong></span> <span class='ocrx_word' id='word_1_179' title='bbox 678 2589 849 2676; x_wconf 79' lang='grc' dir='ltr'><strong><em>ηύχετογ</em></strong></span> <span class='ocrx_word' id='word_1_180' title='bbox 815 2587 889 2674; x_wconf 75' lang='grc' dir='ltr'><strong><em>ἡμῖν</em></strong></span> <span class='ocrx_word' id='word_1_181' title='bbox 916 2588 1030 2676; x_wconf 83' lang='grc' dir='ltr'><strong><em>ύγίειαν</em></strong></span> <span class='ocrx_word' id='word_1_182' title='bbox 1057 2589 1176 2656; x_wconf 84' lang='grc' dir='ltr'><strong><em>διδόναι</em></strong></span> <span class='ocrx_word' id='word_1_183' title='bbox 1203 2595 1253 2656; x_wconf 77' lang='grc' dir='ltr'><strong>καί</strong></span> <span class='ocrx_word' id='word_1_184' title='bbox 1277 2599 1383 2676; x_wconf 81' lang='grc' dir='ltr'><strong><em>κτῆσιν</em></strong></span> 
     </span>
     <span class='ocr_line' id='line_1_22' title="bbox 211 2689 1432 2778; baseline 0.004 -22"><span class='ocrx_word' id='word_1_185' title='bbox 211 2689 385 2776; x_wconf 41' lang='lat' dir='ltr'><strong>&amp;porcius</strong></span> <span class='ocrx_word' id='word_1_186' title='bbox 367 2717 468 2778; x_wconf 88' lang='grc' dir='ltr'><strong><em>ωσπερ</em></strong></span> <span class='ocrx_word' id='word_1_187' title='bbox 492 2691 571 2770; x_wconf 76' lang='grc' dir='ltr'><strong><em>εἰκὸς</em></strong></span> <span class='ocrx_word' id='word_1_188' title='bbox 593 2691 667 2757; x_wconf 75' lang='grc' dir='ltr'><strong><em>ὄντα</em></strong></span> <span class='ocrx_word' id='word_1_189' title='bbox 689 2690 823 2756; x_wconf 83' lang='grc' dir='ltr'><strong><em>πάππον.</em></strong></span> <span class='ocrx_word' id='word_1_190' title='bbox 857 2697 1000 2756; x_wconf 87' lang='lat' dir='ltr'><strong>Recenset</strong></span> <span class='ocrx_word' id='word_1_191' title='bbox 987 2703 1067 2756; x_wconf 83' lang='lat' dir='ltr'><strong>ttae</strong></span> <span class='ocrx_word' id='word_1_192' title='bbox 1068 2714 1101 2756; x_wconf 90' lang='lat' dir='ltr'><strong>or</strong></span> <span class='ocrx_word' id='word_1_193' title='bbox 1122 2713 1213 2771; x_wconf 83' lang='lat' dir='ltr'><strong>sacra,</strong></span> <span class='ocrx_word' id='word_1_194' title='bbox 1237 2694 1310 2772; x_wconf 88' lang='lat' dir='ltr'><strong>quae</strong></span> <span class='ocrx_word' id='word_1_195' title='bbox 1325 2715 1384 2756; x_wconf 93' lang='lat' dir='ltr'><strong>nna</strong></span> <span class='ocrx_word' id='word_1_196' title='bbox 1426 2756 1432 2761; x_wconf 84' lang='lat'><em>.</em></span> 
     </span>
     <span class='ocr_line' id='line_1_23' title="bbox 211 2796 1382 2882; baseline 0.003 -27"><span class='ocrx_word' id='word_1_197' title='bbox 211 2813 275 2855; x_wconf 91' lang='lat' dir='ltr'><strong>cum</strong></span> <span class='ocrx_word' id='word_1_198' title='bbox 297 2813 351 2856; x_wconf 81' lang='lat' dir='ltr'><strong>auo</strong></span> <span class='ocrx_word' id='word_1_199' title='bbox 373 2796 479 2882; x_wconf 77' lang='lat' dir='ltr'><strong>Cirone</strong></span> <span class='ocrx_word' id='word_1_200' title='bbox 501 2798 661 2871; x_wconf 85' lang='lat' dir='ltr'><strong>peregerit,</strong></span> <span class='ocrx_word' id='word_1_201' title='bbox 697 2802 730 2855; x_wconf 91' lang='lat' dir='ltr'><strong>ut</strong></span> <span class='ocrx_word' id='word_1_202' title='bbox 744 2806 782 2854; x_wconf 74' lang='lat' dir='ltr'><strong>&#39;sc</strong></span> <span class='ocrx_word' id='word_1_203' title='bbox 806 2797 867 2856; x_wconf 88' lang='lat' dir='ltr'><strong>eius</strong></span> <span class='ocrx_word' id='word_1_204' title='bbox 895 2804 1029 2872; x_wconf 87' lang='lat' dir='ltr'><strong>nepotem</strong></span> <span class='ocrx_word' id='word_1_205' title='bbox 1054 2814 1116 2858; x_wconf 85' lang='lat' dir='ltr'><strong>esse</strong></span> <span class='ocrx_word' id='word_1_206' title='bbox 1138 2799 1329 2874; x_wconf 84' lang='lat' dir='ltr'><strong>demonstret,</strong></span> <span class='ocrx_word' id='word_1_207' title='bbox 1352 2801 1382 2858; x_wconf 92' lang='lat' dir='ltr'><strong>in</strong></span> 
     </span>
     <span class='ocr_line' id='line_1_24' title="bbox 210 2896 1382 2974; baseline 0.003 -17"><span class='ocrx_word' id='word_1_208' title='bbox 210 2896 332 2972; x_wconf 81' lang='lat' dir='ltr'><strong>quorum</strong></span> <span class='ocrx_word' id='word_1_209' title='bbox 360 2897 476 2972; x_wconf 89' lang='lat' dir='ltr'><strong>quidem</strong></span> <span class='ocrx_word' id='word_1_210' title='bbox 505 2913 652 2957; x_wconf 89' lang='lat' dir='ltr'><strong>sacrorum</strong></span> <span class='ocrx_word' id='word_1_211' title='bbox 680 2909 797 2957; x_wconf 87' lang='lat' dir='ltr'><strong>numero</strong></span> <span class='ocrx_word' id='word_1_212' title='bbox 829 2900 884 2958; x_wconf 90' lang='lat' dir='ltr'><strong>hoc</strong></span> <span class='ocrx_word' id='word_1_213' title='bbox 911 2902 998 2960; x_wconf 89' lang='lat' dir='ltr'><strong>etiam</strong></span> <span class='ocrx_word' id='word_1_214' title='bbox 1022 2899 1113 2960; x_wconf 86' lang='lat' dir='ltr'><strong>refert</strong></span> <span class='ocrx_word' id='word_1_215' title='bbox 1142 2901 1219 2974; x_wconf 92' lang='lat' dir='ltr'><strong>quod</strong></span> <span class='ocrx_word' id='word_1_216' title='bbox 1247 2919 1311 2962; x_wconf 90' lang='lat' dir='ltr'><strong>cnm</strong></span> <span class='ocrx_word' id='word_1_217' title='bbox 1332 2902 1382 2961; x_wconf 93' lang='lat' dir='ltr'><strong>illo</strong></span> 
     </span>
     <span class='ocr_line' id='line_1_25' title="bbox 207 3000 1382 3088; baseline 0.003 -28"><span class='ocrx_word' id='word_1_218' title='bbox 207 3001 349 3076; x_wconf 66' lang='lat' dir='ltr'><strong>,prosicias</strong></span> <span class='ocrx_word' id='word_1_219' title='bbox 364 3017 432 3060; x_wconf 89' lang='lat' dir='ltr'><strong>arae</strong></span> <span class='ocrx_word' id='word_1_220' title='bbox 446 3001 626 3075; x_wconf 86' lang='lat' dir='ltr'><strong>imposuerit.</strong></span> <span class='ocrx_word' id='word_1_221' title='bbox 656 3000 705 3086; x_wconf 24' lang='lat' dir='ltr'><strong>&#39;Id</strong></span> <span class='ocrx_word' id='word_1_222' title='bbox 727 3015 794 3088; x_wconf 85' lang='lat' dir='ltr'><strong>vero</strong></span> <span class='ocrx_word' id='word_1_223' title='bbox 817 3017 874 3060; x_wconf 91' lang='lat' dir='ltr'><strong>non</strong></span> <span class='ocrx_word' id='word_1_224' title='bbox 890 3001 1160 3074; x_wconf 76' lang='lat' dir='ltr'><strong>designatur&#39;verbo</strong></span> <span class='ocrx_word' id='word_1_225' title='bbox 1176 3004 1382 3083; x_wconf 72' lang='grc' dir='ltr'><strong><em>συνετίθεμεν,</em></strong></span> 
     </span>
     <span class='ocr_line' id='line_1_26' title="bbox 211 3101 1382 3177; baseline 0.003 -16"><span class='ocrx_word' id='word_1_226' title='bbox 211 3120 275 3161; x_wconf 89' lang='lat' dir='ltr'><strong>curn</strong></span> <span class='ocrx_word' id='word_1_227' title='bbox 296 3103 327 3161; x_wconf 91' lang='lat' dir='ltr'><strong>id</strong></span> <span class='ocrx_word' id='word_1_228' title='bbox 348 3103 457 3162; x_wconf 77' lang='lat' dir='ltr'><strong>valeat:</strong></span> <span class='ocrx_word' id='word_1_229' title='bbox 487 3103 741 3177; x_wconf 57' lang='lat' dir='ltr'><strong>componebamus</strong></span> <span class='ocrx_word' id='word_1_230' title='bbox 771 3119 827 3176; x_wconf 91' lang='lat' dir='ltr'><strong>qno</strong></span> <span class='ocrx_word' id='word_1_231' title='bbox 849 3103 922 3161; x_wconf 90' lang='lat' dir='ltr'><strong>nihil</strong></span> <span class='ocrx_word' id='word_1_232' title='bbox 943 3101 980 3163; x_wconf 87' lang='lat' dir='ltr'><strong>ab</strong></span> <span class='ocrx_word' id='word_1_233' title='bbox 1002 3103 1142 3164; x_wconf 90' lang='lat' dir='ltr'><strong>hocloco</strong></span> <span class='ocrx_word' id='word_1_234' title='bbox 1164 3107 1294 3164; x_wconf 88' lang='lat' dir='ltr'><strong>alienius.</strong></span> <span class='ocrx_word' id='word_1_235' title='bbox 1336 3105 1382 3164; x_wconf 87' lang='lat' dir='ltr'><strong>Ile</strong></span> 
     </span>
     <span class='ocr_line' id='line_1_27' title="bbox 149 3205 1382 3290; baseline 0.004 -28"><span class='ocrx_word' id='word_1_236' title='bbox 149 3285 152 3290; x_wconf 24' lang='grc'>1</span> <span class='ocrx_word' id='word_1_237' title='bbox 210 3205 390 3280; x_wconf 87' lang='lat' dir='ltr'><strong>imponendis</strong></span> <span class='ocrx_word' id='word_1_238' title='bbox 413 3212 509 3264; x_wconf 90' lang='lat' dir='ltr'><strong>autem</strong></span> <span class='ocrx_word' id='word_1_239' title='bbox 531 3207 562 3262; x_wconf 93' lang='lat' dir='ltr'><strong>in</strong></span> <span class='ocrx_word' id='word_1_240' title='bbox 584 3221 635 3263; x_wconf 90' lang='lat' dir='ltr'><strong>ara</strong></span> <span class='ocrx_word' id='word_1_241' title='bbox 662 3206 794 3277; x_wconf 89' lang='lat' dir='ltr'><strong>prosieiis</strong></span> <span class='ocrx_word' id='word_1_242' title='bbox 820 3205 866 3264; x_wconf 85' lang='lat' dir='ltr'><strong>uel</strong></span> <span class='ocrx_word' id='word_1_243' title='bbox 894 3211 958 3265; x_wconf 84' lang='lat' dir='ltr'><strong>ture</strong></span> <span class='ocrx_word' id='word_1_244' title='bbox 983 3208 1133 3280; x_wconf 90' lang='lat' dir='ltr'><strong>proprium</strong></span> <span class='ocrx_word' id='word_1_245' title='bbox 1163 3213 1207 3266; x_wconf 87' lang='lat' dir='ltr'><strong>est</strong></span> <span class='ocrx_word' id='word_1_246' title='bbox 1227 3224 1261 3267; x_wconf 88' lang='lat' dir='ltr'><strong>ac</strong></span> <span class='ocrx_word' id='word_1_247' title='bbox 1282 3208 1382 3267; x_wconf 86' lang='lat' dir='ltr'><strong>tritum</strong></span> 
     </span>
     <span class='ocr_line' id='line_1_28' title="bbox 209 3299 1381 3384; baseline 0.003 -20"><span class='ocrx_word' id='word_1_248' title='bbox 209 3305 330 3366; x_wconf 86' lang='lat' dir='ltr'><strong>verbum</strong></span> <span class='ocrx_word' id='word_1_249' title='bbox 352 3299 531 3381; x_wconf 77' lang='grc' dir='ltr'><strong><em>ίπιτιθίναι,</em></strong></span> <span class='ocrx_word' id='word_1_250' title='bbox 553 3307 643 3365; x_wconf 89' lang='lat' dir='ltr'><strong>veluti</strong></span> <span class='ocrx_word' id='word_1_251' title='bbox 664 3306 741 3378; x_wconf 90' lang='lat' dir='ltr'><strong>apud</strong></span> <span class='ocrx_word' id='word_1_252' title='bbox 763 3307 911 3380; x_wconf 86' lang='lat' dir='ltr'><strong>Aristoph.</strong></span> <span class='ocrx_word' id='word_1_253' title='bbox 933 3325 996 3384; x_wconf 82' lang='lat' dir='ltr'><strong>ran.</strong></span> <span class='ocrx_word' id='word_1_254' title='bbox 1021 3309 1081 3366; x_wconf 82' lang='lat'><strong>888</strong></span> <span class='ocrx_word' id='word_1_255' title='bbox 1104 3309 1149 3367; x_wconf 92' lang='lat' dir='ltr'><strong>ed.</strong></span> <span class='ocrx_word' id='word_1_256' title='bbox 1163 3309 1281 3382; x_wconf 64' lang='lat' dir='ltr'><strong>Bergk„</strong></span> <span class='ocrx_word' id='word_1_257' title='bbox 1302 3325 1381 3384; x_wconf 85' lang='lat' dir='ltr'><strong>vesp.</strong></span> 
     </span>
     <span class='ocr_line' id='line_1_29' title="bbox 211 3405 1384 3490; baseline 0.003 -23"><span class='ocrx_word' id='word_1_258' title='bbox 211 3411 265 3482; x_wconf 82' lang='grc'><strong>96,</strong></span> <span class='ocrx_word' id='word_1_259' title='bbox 301 3408 369 3467; x_wconf 93' lang='lat' dir='ltr'><strong>nub.</strong></span> <span class='ocrx_word' id='word_1_260' title='bbox 395 3409 455 3465; x_wconf 81' lang='lat'><strong>426</strong></span> <span class='ocrx_word' id='word_1_261' title='bbox 484 3405 529 3466; x_wconf 88' lang='lat' dir='ltr'><strong>ed.</strong></span> <span class='ocrx_word' id='word_1_262' title='bbox 558 3407 682 3490; x_wconf 60' lang='lat' dir='ltr'><strong>Bergk„</strong></span> <span class='ocrx_word' id='word_1_263' title='bbox 716 3407 836 3481; x_wconf 88' lang='lat' dir='ltr'><strong>Antiph.</strong></span> <span class='ocrx_word' id='word_1_264' title='bbox 865 3426 907 3468; x_wconf 87' lang='lat' dir='ltr'><strong>or.</strong></span> <span class='ocrx_word' id='word_1_265' title='bbox 934 3414 960 3469; x_wconf 92' lang='grc'><strong>1.</strong></span> <span class='ocrx_word' id='word_1_266' title='bbox 989 3409 1005 3486; x_wconf 62' lang='grc' dir='ltr'><strong>ξ</strong></span> <span class='ocrx_word' id='word_1_267' title='bbox 1031 3412 1069 3468; x_wconf 89' lang='grc'><strong>18</strong></span> <span class='ocrx_word' id='word_1_268' title='bbox 1098 3415 1184 3483; x_wconf 86' lang='lat' dir='ltr'><strong>atque</strong></span> <span class='ocrx_word' id='word_1_269' title='bbox 1212 3412 1289 3484; x_wconf 89' lang='lat' dir='ltr'><strong>apud</strong></span> <span class='ocrx_word' id='word_1_270' title='bbox 1317 3427 1384 3470; x_wconf 89' lang='lat' dir='ltr'><strong>eum</strong></span> 
     </span>
     <span class='ocr_line' id='line_1_30' title="bbox 210 3501 1384 3596; baseline 0.003 -26"><span class='ocrx_word' id='word_1_271' title='bbox 210 3511 290 3570; x_wconf 92' lang='lat' dir='ltr'><strong>cuius</strong></span> <span class='ocrx_word' id='word_1_272' title='bbox 312 3509 443 3570; x_wconf 88' lang='lat' dir='ltr'><strong>meminit</strong></span> <span class='ocrx_word' id='word_1_273' title='bbox 464 3501 819 3594; x_wconf 73' lang='lat' dir='ltr'><strong>Schoemannus&#39;Dionys.</strong></span> <span class='ocrx_word' id='word_1_274' title='bbox 842 3511 908 3596; x_wconf 84' lang='lat' dir='ltr'><strong>Hal.</strong></span> <span class='ocrx_word' id='word_1_275' title='bbox 932 3508 1001 3570; x_wconf 85' lang='lat' dir='ltr'><strong>A&#39;nt.</strong></span> <span class='ocrx_word' id='word_1_276' title='bbox 1024 3513 1107 3571; x_wconf 89' lang='lat' dir='ltr'><strong>Rom.</strong></span> <span class='ocrx_word' id='word_1_277' title='bbox 1120 3511 1184 3570; x_wconf 87' lang='lat' dir='ltr'><strong>Vll.</strong></span> <span class='ocrx_word' id='word_1_278' title='bbox 1210 3515 1259 3571; x_wconf 82' lang='lat'><strong>72.</strong></span> <span class='ocrx_word' id='word_1_279' title='bbox 1296 3513 1384 3574; x_wconf 86' lang='lat' dir='ltr'><strong>Unde</strong></span> 
     </span>
     <span class='ocr_line' id='line_1_31' title="bbox 209 3611 1382 3693; baseline 0.007 -23"><span class='ocrx_word' id='word_1_280' title='bbox 209 3612 294 3691; x_wconf 60' lang='lat' dir='ltr'><strong>nim</strong></span> <span class='ocrx_word' id='word_1_281' title='bbox 304 3612 412 3693; x_wconf 87' lang='lat' dir='ltr'><strong>certius</strong></span> <span class='ocrx_word' id='word_1_282' title='bbox 433 3611 504 3669; x_wconf 91' lang='lat' dir='ltr'><strong>mihi</strong></span> <span class='ocrx_word' id='word_1_283' title='bbox 527 3611 642 3686; x_wconf 92' lang='lat' dir='ltr'><strong>quidem</strong></span> <span class='ocrx_word' id='word_1_284' title='bbox 663 3611 778 3672; x_wconf 86' lang='lat' dir='ltr'><strong>uidetur</strong></span> <span class='ocrx_word' id='word_1_285' title='bbox 801 3630 886 3687; x_wconf 90' lang='lat' dir='ltr'><strong>quam</strong></span> <span class='ocrx_word' id='word_1_286' title='bbox 909 3613 1110 3686; x_wconf 80' lang='lat' dir='ltr'><strong>corrigendum</strong></span> <span class='ocrx_word' id='word_1_287' title='bbox 1132 3629 1196 3672; x_wconf 86' lang='lat' dir='ltr'><strong>esse</strong></span> <span class='ocrx_word' id='word_1_288' title='bbox 1222 3635 1382 3678; x_wconf 87' lang='grc' dir='ltr'><strong><em>συνεπε-</em></strong></span> 
     </span>
     <span class='ocr_line' id='line_1_32' title="bbox 209 3711 1384 3793; baseline 0 -15"><span class='ocrx_word' id='word_1_289' title='bbox 209 3713 382 3793; x_wconf 75' lang='grc' dir='ltr'><strong><em>τίθεμεν.</em></strong></span> <span class='ocrx_word' id='word_1_290' title='bbox 426 3711 553 3786; x_wconf 85' lang='lat' dir='ltr'><strong>Cumque</strong></span> <span class='ocrx_word' id='word_1_291' title='bbox 576 3714 613 3772; x_wconf 93' lang='lat' dir='ltr'><strong>ad</strong></span> <span class='ocrx_word' id='word_1_292' title='bbox 635 3713 803 3776; x_wconf 74' lang='grc' dir='ltr'><strong><em>ἐπιτιθέναι</em></strong></span> <span class='ocrx_word' id='word_1_293' title='bbox 831 3715 962 3773; x_wconf 89' lang='lat' dir='ltr'><strong>omnibus</strong></span> <span class='ocrx_word' id='word_1_294' title='bbox 985 3715 1047 3782; x_wconf 79' lang='lat' dir='ltr'><strong>illis</strong></span> <span class='ocrx_word' id='word_1_295' title='bbox 1073 3715 1143 3774; x_wconf 89' lang='lat' dir='ltr'><strong>locis</strong></span> <span class='ocrx_word' id='word_1_296' title='bbox 1165 3715 1307 3774; x_wconf 85' lang='lat' dir='ltr'><strong>adlciatur</strong></span> <span class='ocrx_word' id='word_1_297' title='bbox 1328 3713 1384 3779; x_wconf 83' lang='grc' dir='ltr'><strong>τὸν</strong></span> 
     </span>
     <span class='ocr_line' id='line_1_33' title="bbox 210 3808 1384 3894; baseline 0.001 -17"><span class='ocrx_word' id='word_1_298' title='bbox 210 3808 398 3894; x_wconf 74' lang='grc' dir='ltr'><strong><em>λιβανωτόν,</em></strong></span> <span class='ocrx_word' id='word_1_299' title='bbox 429 3832 488 3874; x_wconf 91' lang='lat' dir='ltr'><strong>non</strong></span> <span class='ocrx_word' id='word_1_300' title='bbox 509 3817 583 3874; x_wconf 90' lang='lat' dir='ltr'><strong>male</strong></span> <span class='ocrx_word' id='word_1_301' title='bbox 606 3817 729 3875; x_wconf 84' lang='lat' dir='ltr'><strong>coniciet</strong></span> <span class='ocrx_word' id='word_1_302' title='bbox 750 3817 814 3888; x_wconf 88' lang='lat' dir='ltr'><strong>quis</strong></span> <span class='ocrx_word' id='word_1_303' title='bbox 835 3821 934 3875; x_wconf 81' lang='lat' dir='ltr'><strong>nostm</strong></span> <span class='ocrx_word' id='word_1_304' title='bbox 957 3830 1070 3890; x_wconf 86' lang='lat' dir='ltr'><strong>quoqne</strong></span> <span class='ocrx_word' id='word_1_305' title='bbox 1091 3817 1154 3876; x_wconf 90' lang='lat' dir='ltr'><strong>loco</strong></span> <span class='ocrx_word' id='word_1_306' title='bbox 1176 3818 1277 3878; x_wconf 86' lang='lat' dir='ltr'><strong>eadem</strong></span> <span class='ocrx_word' id='word_1_307' title='bbox 1298 3833 1384 3878; x_wconf 81' lang='lat' dir='ltr'><strong>voca·</strong></span> 
     </span>
     <span class='ocr_line' id='line_1_34' title="bbox 208 3917 1383 3994; baseline 0.003 -17"><span class='ocrx_word' id='word_1_308' title='bbox 208 3917 278 3977; x_wconf 89' lang='lat' dir='ltr'><strong>bula</strong></span> <span class='ocrx_word' id='word_1_309' title='bbox 301 3918 397 3976; x_wconf 89' lang='lat' dir='ltr'><strong>nescio</strong></span> <span class='ocrx_word' id='word_1_310' title='bbox 421 3933 477 3990; x_wconf 90' lang='lat' dir='ltr'><strong>quo</strong></span> <span class='ocrx_word' id='word_1_311' title='bbox 500 3933 568 3977; x_wconf 88' lang='lat' dir='ltr'><strong>casu</strong></span> <span class='ocrx_word' id='word_1_312' title='bbox 590 3918 636 3976; x_wconf 84' lang='lat' dir='ltr'><strong>uel</strong></span> <span class='ocrx_word' id='word_1_313' title='bbox 658 3933 756 3976; x_wconf 88' lang='lat' dir='ltr'><strong>errore</strong></span> <span class='ocrx_word' id='word_1_314' title='bbox 778 3919 883 3977; x_wconf 86' lang='lat' dir='ltr'><strong>omissa</strong></span> <span class='ocrx_word' id='word_1_315' title='bbox 904 3933 976 3978; x_wconf 86' lang='lat' dir='ltr'><strong>esse.</strong></span> <span class='ocrx_word' id='word_1_316' title='bbox 1011 3920 1188 3994; x_wconf 82' lang='lat' dir='ltr'><strong>Quamquam</strong></span> <span class='ocrx_word' id='word_1_317' title='bbox 1210 3921 1251 3979; x_wconf 81' lang='lat' dir='ltr'><strong>eia</strong></span> <span class='ocrx_word' id='word_1_318' title='bbox 1266 3921 1383 3982; x_wconf 88' lang='lat' dir='ltr'><strong>omnino</strong></span> 
     </span>
     <span class='ocr_line' id='line_1_35' title="bbox 209 4019 598 4092; baseline 0 -15"><span class='ocrx_word' id='word_1_319' title='bbox 209 4035 281 4092; x_wconf 89' lang='lat' dir='ltr'><strong>opus</strong></span> <span class='ocrx_word' id='word_1_320' title='bbox 303 4035 444 4079; x_wconf 87' lang='lat' dir='ltr'><strong>essenon</strong></span> <span class='ocrx_word' id='word_1_321' title='bbox 467 4019 598 4080; x_wconf 86' lang='lat' dir='ltr'><strong>dixerim.</strong></span> 
     </span>
    </p>

    <p class='ocr_par' dir='ltr' id='par_1_9' title="bbox 179 4115 1384 4304">
     <span class='ocr_line' id='line_1_36' title="bbox 179 4115 1384 4206; baseline 0.003 -26"><span class='ocrx_word' id='word_1_322' title='bbox 179 4125 187 4136; x_wconf 84' lang='grc'><strong><em>’</em></strong></span> <span class='ocrx_word' id='word_1_323' title='bbox 295 4117 507 4181; x_wconf 68' lang='grc' dir='ltr'><strong><em>Εἱοοᾱθιιιῠῐ.</em></strong></span> <span class='ocrx_word' id='word_1_324' title='bbox 531 4119 550 4195; x_wconf 80' lang='lat'>§</span> <span class='ocrx_word' id='word_1_325' title='bbox 573 4121 623 4183; x_wconf 80' lang='grc'><strong>26.</strong></span> <span class='ocrx_word' id='word_1_326' title='bbox 647 4121 745 4184; x_wconf 86' lang='grc' dir='ltr'><strong><em>καίτοι</em></strong></span> <span class='ocrx_word' id='word_1_327' title='bbox 769 4123 819 4184; x_wconf 78' lang='grc' dir='ltr'><strong>καί</strong></span> <span class='ocrx_word' id='word_1_328' title='bbox 841 4115 940 4206; x_wconf 83' lang='grc' dir='ltr'><strong><em>τούτῳ</em></strong></span> <span class='ocrx_word' id='word_1_329' title='bbox 963 4126 1123 4204; x_wconf 80' lang='grc' dir='ltr'><strong><em>προσῆκεν,</em></strong></span> <span class='ocrx_word' id='word_1_330' title='bbox 1146 4125 1174 4187; x_wconf 80' lang='grc' dir='ltr'><strong>εί</strong></span> <span class='ocrx_word' id='word_1_331' title='bbox 1192 4121 1236 4205; x_wconf 84' lang='grc' dir='ltr'><strong>μὴ</strong></span> <span class='ocrx_word' id='word_1_332' title='bbox 1259 4117 1384 4197; x_wconf 83' lang='grc' dir='ltr'><strong><em>πάππος</em></strong></span> 
     </span>
     <span class='ocr_line' id='line_1_37' title="bbox 208 4209 1382 4304; baseline 0.002 -22"><span class='ocrx_word' id='word_1_333' title='bbox 208 4209 246 4304; x_wconf 71' lang='grc' dir='ltr'><strong>ἦν</strong></span> <span class='ocrx_word' id='word_1_334' title='bbox 266 4244 319 4302; x_wconf 90' lang='grc' dir='ltr'><strong><em>μοι</em></strong></span> <span class='ocrx_word' id='word_1_335' title='bbox 343 4221 458 4304; x_wconf 86' lang='grc' dir='ltr'><strong><em>Κίρων,</em></strong></span> <span class='ocrx_word' id='word_1_336' title='bbox 486 4221 619 4297; x_wconf 74' lang='grc' dir='ltr'><strong><em>αἰθεῖν,</em></strong></span> <span class='ocrx_word' id='word_1_337' title='bbox 653 4217 851 4302; x_wconf 71' lang='grc' dir='ltr'><strong><em>ἷκβύλλειν</em></strong></span> <span class='ocrx_word' id='word_1_338' title='bbox 879 4223 928 4284; x_wconf 78' lang='grc' dir='ltr'><strong>καὶ</strong></span> <span class='ocrx_word' id='word_1_339' title='bbox 957 4217 1083 4284; x_wconf 81' lang='grc' dir='ltr'><strong><em>κωλύειν</em></strong></span> <span class='ocrx_word' id='word_1_340' title='bbox 1104 4219 1292 4287; x_wconf 79' lang='grc' dir='ltr'><strong><em>συνθάπτειν</em></strong></span> <span class='ocrx_word' id='word_1_341' title='bbox 1314 4229 1382 4284; x_wconf 81' lang='lat' dir='ltr'><strong>anta</strong></span> 
     </span>
    </p>
   </div>
   <div class='ocr_carea' id='block_1_5' title="bbox 0 0 1538 4836">
    <p class='ocr_par' dir='ltr' id='par_1_10' title="bbox 0 0 1538 4836">
     <span class='ocr_line' id='line_1_38' title="bbox 0 0 1538 4836; baseline 0 1"><span class='ocrx_word' id='word_1_342' title='bbox 0 0 1538 4836; x_wconf 95' lang='lat' dir='ltr'><strong> </strong></span> 
     </span>
    </p>
   </div>
  </div>
 </body>
</html>
