3066 4836
788 278 828 336 44

730 359 885 374 m

223 461 337 524 drama
363 464 403 524 sit
428 463 466 524 ab
493 462 587 524 altars
611 478 670 532 nou
691 465 891 538 perspiciatur.
935 464 1032 538 Qara
1052 465 1146 528 critici
1167 463 1263 524 Turio.
1285 482 1393 539 propo·

222 569 343 626 suerunt
376 561 465 628 oridia
497 564 530 626 ἐν
563 561 661 627 οὐδενὶ
695 559 927 640 κινδυνεύοντες.
970 567 1080 629 Tamen
1104 581 1164 626 non
1191 567 1393 640 tammamrim

223 667 406 742 scripturam.
422 666 596 748 halsbciam
622 667 751 739 quamvis
776 667 1009 742 reprehensionis
1034 685 1093 730 non
1114 668 1207 730 omme
1226 669 1393 732 manaem

222 769 359 830 Dativnm
380 767 497 842 qnidam
517 773 596 828 emta
616 767 706 828 verbo
722 763 1047 834 succumberemus
1061 786 1119 830 nou
1133 785 1240 831 moror.
1263 770 1401 844 Thucyd..

222 873 260 932 II.
286 873 338 932 65.
366 871 445 931 VIII.
475 870 527 930 45.
570 868 628 930 Sed
650 869 727 943 qnod
748 870 806 930 iarn
825 872 957 944 sequitur
978 875 1120 936 ποιοῦσιν
1148 885 1212 934 cnm
1233 887 1292 933 non
1312 879 1393 944 repta

222 974 366 1034 ctordinc
387 973 445 1034 dici
466 972 585 1034 vidisset
605 971 751 1046 Reiskins,
772 971 924 1044 requisivit
944 973 1055 1046 aliquid
1076 987 1133 1048 quo
1155 973 1226 1048 qnid
1245 974 1295 1034 isti
1317 972 1393 1036 scos·

221 1076 281 1136 rint
308 1073 498 1149 duplicetur,
527 1074 612 1149 quale
639 1079 685 1134 est
711 1076 812 1136 τοῦτο
838 1077 988 1138 ποιοῦσιν.
1037 1074 1079 1135 At
1104 1074 1136 1136 id
1162 1081 1192 1138 et
1216 1091 1393 1152 magnopere

220 1177 387 1252 languidam
412 1182 458 1236 est
484 1182 514 1236 ct
540 1177 693 1238 obscurum
711 1181 751 1236 -et
778 1175 867 1236 verbo
893 1179 1126 1258 μαρτυροῦμεν,
1157 1179 1203 1240 cui
1228 1179 1393 1252 oppositum

222 1293 284 1338 osse
307 1279 403 1351 debet,
425 1294 485 1338 non
506 1278 679 1352 oppositum.
716 1277 791 1350 Quid
808 1269 896 1338 scribi
910 1282 1045 1352 sportam
1058 1279 1181 1352 patebit
1204 1281 1391 1354 sioumpara·

220 1381 297 1452 ueris
316 1397 354 1440 ea
374 1393 448 1454 quae
469 1380 556 1453 paulo
578 1385 646 1442 ante
660 1379 738 1438 dicta
752 1384 836 1438 erant
857 1367 1051 1458 ebracharium
1067 1374 1265 1457 ἐκινδύνευον,
1285 1377 1391 1463 ἠξίουν

222 1479 260 1546 ἂν
280 1490 345 1558 τοῖς
367 1475 468 1547 οὔτῶν
490 1479 610 1554 οἰκείοις
630 1473 712 1560 ὑμᾶς
733 1473 884 1544 πιστεύειν
911 1483 1104 1563 μαρτυροῦσι
1125 1483 1245 1561 μᾶλλον
1266 1479 1285 1564 ἢ
1308 1493 1389 1558 τοῖς

221 1576 463 1667 κατηγόροιςτ
496 1583 539 1642 ibi
571 1583 649 1642 enim
676 1579 705 1643 οἳ
733 1581 836 1642 οἰκεῖοι
862 1584 1089 1662 μαρτυροῦντες
1115 1590 1298 1656 opponuntur
1323 1593 1386 1657 τοῖς

221 1679 410 1768 κατηγόροις,
433 1690 463 1744 et
484 1673 562 1758 quod
581 1664 752 1765 συνήγορος
772 1683 844 1740 istos
866 1681 1078 1762 (Erchienses)‚
1113 1683 1214 1744 eadem
1240 1685 1274 1744 de
1300 1701 1385 1744 musa

220 1786 251 1846 in
277 1788 322 1849 ias
349 1793 480 1860 comtos,
508 1785 610 1860 procul
636 1784 725 1844 dublo
752 1785 894 1860 petituros
920 1799 984 1844 esse
1004 1785 1072 1862 ait,¹
1087 1791 1121 1844 ut
1144 1787 1273 1860 ipsorum
1291 1788 1388 1862 potius

220 1889 392 1962 propinquis
418 1904 505 1962 qoam
530 1887 706 1951 adversarils
727 1884 814 1948 fidem
835 1885 962 1948 habeant
981 1887 1106 1961 indices,
1132 1889 1163 1948 id
1190 1889 1247 1950 sibi
1273 1890 1389 1964 sabone

221 1991 387 2064 confingere
409 1975 505 2063 negat.
549 1991 644 2064 Quare
670 1990 702 2048 in
728 1989 823 2048 Iocum
844 1988 927 2050 verbi
947 1992 1087 2052 ποιοῦσιν
1108 1991 1252 2052 substituo
1272 2013 1388 2072 κατη-

219 2094 418 2174 γοροῦσιν,
439 2093 520 2155 ouius
537 2092 652 2155 initium
665 2091 745 2150 exitu
757 2089 890 2150 vocabuli
905 2089 1102 2152 antecedentis
1124 2092 1209 2156 iussa
1221 2091 1393 2168 absorptum

219 2193 343 2256 videtur.
386 2195 451 2254 Ηοο
472 2199 569 2256 autem
590 2192 709 2257 verbum
731 2209 824 2265 neque
851 2191 901 2250 illo
921 2193 1093 2268 usquehuc
1114 2194 1177 2255 loco
1198 2195 1241 2257 ita
1261 2195 1393 2268 intellegi

179 2297 183 2304 '
219 2309 319 2370 posse,
348 2311 382 2356 ac
407 2297 431 2356 si
457 2296 564 2370 pagani
590 2294 671 2354 litem
690 2293 850 2356 intendisse
870 2294 1093 2368 perhiberentur
1121 2294 1294 2372 (accusabat
1314 2297 1391 2357 auhn

220 2398 251 2456 in
279 2398 365 2460 huius
390 2396 468 2458 modi
495 2397 588 2460 causis
618 2397 644 2456 is
665 2396 715 2470 qui
736 2397 959 2481 appellationem
979 2397 1184 2471 interponebat
1204 2412 1271 2464 sum
1292 2403 1393 2460 conus

221 2515 307 2574 quem
331 2499 513 2573 appellabat:
551 2499 653 2560 Maior.
682 2497 718 2558 de
746 2498 830 2560 bonis
857 2497 1058 2558 damnatorum
1078 2517 1107 2574 p.
1133 2499 1200 2576 91),
1228 2499 1280 2562 sed
1301 2500 1392 2574 magis

220 2601 350 2676 generali
371 2599 534 2675 significatu
553 2599 753 2674 accipiendum
774 2615 837 2660 esse
858 2601 906 2660 vix
927 2616 999 2674 opus
1021 2607 1065 2660 est
1085 2617 1212 2668 monere.
1249 2603 1392 2662 Nimirum

220 2708 427 2764 accusaverant
446 2703 552 2776 pagani
573 2701 761 2774 Euphiletum
783 2701 860 2775 quod
880 2703 951 2764 civis
972 2718 1031 2762 non
1052 2709 1128 2763 esset
1147 2704 1289 2780 ingenuus
1301 2717 1392 2777 seque

219 2806 251 2864 in
272 2806 417 2866 amotam
437 2804 652 2865 insinuavisse.
692 2804 825 2877 Denique
846 2804 911 2878 ipsa
929 2805 981 2864 illa
999 2805 1189 2878 oppositionIs
1202 2805 1278 2864 ratio
1292 2805 1323 2862 in
1337 2805 1393 2864 hoc

221 2908 373 2967 enundato
399 2904 553 2980 diligenter
580 2905 734 2968 obseruata
760 2906 924 2966 subindicat
951 2906 1086 2966 mendum
1112 2909 1145 2966 In
1170 2907 1274 2968 cetcrm
1295 2907 1393 2968 verbis

189 3009 377 3082 ‚residuum
410 3007 544 3072 torreret
568 3013 650 3066 actor
679 3008 790 3068 nullum
815 3010 931 3068 omnino
966 3009 1037 3086 istos
1070 3025 1198 3082 paganos
1230 3008 1391 3084 periculum

221 3112 367 3172 subituros
394 3125 473 3182 esse,
502 3110 528 3170 si
555 3125 641 3191 causa
668 3109 852 3178 cecidissent:
885 3111 942 3170 iam
968 3112 1066 3186 papis
1095 3105 1184 3192 ἡμεῖς
1208 3110 1243 3176 tl
1271 3104 1391 3183 πάντας

220 3205 388 3287 ὑποδίκους
413 3203 501 3290 ἡμᾶς
536 3205 741 3282 καθιστάντες
774 3215 1002 3293 μαρτυροῦμεν.
1046 3211 1104 3272 Cur
1137 3206 1255 3286 πάντας
1287 3209 1392 3272 sodes?
1498 3195 1507 3212 ⁶

221 3313 325 3374 Nonne
345 3312 507 3372 adversarii
527 3327 642 3385 qnoque
664 3327 763 3370 omnes
782 3317 987 3372 accusaverant
1007 3319 1037 3372 ct
1059 3312 1266 3373 damnaverant
1278 3313 1391 3388 Euphi-

219 3414 308 3476 letsun
341 3412 576 3488 peregrinitatis?
612 3429 650 3472 an
686 3403 769 3476 citor
804 3414 910 3488 stnguli
946 3414 1063 3486 qnidam
1090 3421 1157 3474 sunt
1182 3412 1390 3488 intellegendi?

220 3515 383 3590 Utrumque
410 3516 550 3580 οτυείοοίε
576 3515 735 3578 membrum
761 3517 924 3577 accuratius
950 3516 1121 3579 rimantibus
1147 3517 1232 3576 uobis
1264 3523 1295 3577 et
1323 3533 1392 3590 per·

219 3617 414 3680 commatibus
426 3617 550 3678 alterum
572 3617 657 3679 altori
669 3619 712 3678 lto
726 3617 890 3690 oppositum
904 3633 968 3677 esse
982 3617 1102 3690 patebit,
1124 3624 1157 3679 ut
1178 3619 1272 3678 nihil
1292 3618 1393 3691 peri·

220 3721 406 3802 olitantes·
416 3718 576 3779 adversarii
588 3724 791 3791 comparentur
805 3733 870 3780 conr
885 3719 1008 3778 testibus
1021 3720 1172 3780 maximo
1187 3705 1270 3780 *cunr
1292 3718 1391 3793 peri-

220 3824 299 3884 culo
328 3838 359 3881 se
386 3837 452 3880 reos
476 3821 718 3881 constituentibus
745 3822 804 3880 sive
832 3821 863 3880 in
889 3836 1043 3880 sommum
1060 3821 1214 3882 discrimen
1247 3820 1392 3882 adductis.

220 3925 301 3984 Haec
328 3922 517 3998 oppositionis
542 3924 586 3982 vis
611 3941 648 3982 ne
676 3925 701 3983 si
728 3917 840 3996 πάντες
866 3923 982 3995 quidem
1009 3923 1145 3982 scribitur
1172 3920 1391 3998 complausis,
1437 3923 1449 3931 “

220 4026 271 4088 scd
291 4026 414 4089 masmae
437 4018 641 4099 οἱπόιντιος.
674 4026 792 4084 Etenim
806 4025 953 4098 paganisi
970 4023 1244 4098 condemnabantur,
1266 4039 1390 4097 poenum
1459 4089 1463 4096 ,

219 4127 487 4198 marbonensium,
509 4126 561 4187 sed
582 4129 712 4200 recipere
733 4127 764 4186 in
786 4142 868 4186 suurn
888 4142 994 4200 pagum
1014 4127 1191 4200 cogebantur
1205 4143 1279 4199 eum,
1302 4142 1390 4198 quom

219 4228 326 4292 iniuria
335 4228 489 4288 decorant.
521 4228 621 4288 Testes
643 4233 740 4288 anmm
761 4229 786 4284 si
808 4226 910 4291 lanum
925 4227 1119 4289 testimonium
1134 4229 1265 4306 conlisae
1278 4229 1391 4301 reperti
1419 4290 1424 4294 ,
