3066 4836
765 319 788 382 8

696 405 849 418 ιυ-ι-ι-

188 515 387 587 unicnique
419 527 450 572 oe
483 517 686 578 testamentum
719 513 797 588 qnod
826 511 997 586 Astyplrilna
1031 501 1301 592 micuissetopttd
1326 527 1360 574 se

189 618 351 691 depositum
378 613 573 674 exhibiturum
599 631 661 675 esse
688 602 834 690 pollicitus
859 615 993 676 mercede
1019 621 1104 690 pecta
1130 627 1261 688 operam*
1278 616 1392 676 maeel

190 719 328 780 obtulisse
354 721 491 777 narratur
517 717 534 794 ᾗ
557 721 613 777 24.
657 717 727 777 dnm
755 735 791 778 ea
816 724 913 778 summ
948 717 1116 778 nmmdane
1141 729 1201 776 non
1228 716 1362 791 anginis

189 822 274 882 anius
295 822 414 894 eiusque
437 820 508 880 certi
530 819 677 880 cniusdam
698 819 821 879 hominis
842 819 1047 892 testimenium,
1070 820 1147 894 quad
1160 819 1362 893 dengnmstm

188 924 285 984 verbis
313 920 408 984 circi
435 927 466 981 ot
493 909 527 1006 ᾧ.
570 921 693 982 Accedit
719 922 797 996 quod
822 922 866 981 illi
892 923 1052 996 scripturae
1078 937 1137 982 non
1162 919 1261 981 lavent
1292 921 1361 982 lilasi

188 1042 273 1100 mser.
300 1024 432 1098 Optimus
450 1022 565 1096 quidem
586 1023 614 1083 t
635 1023 725 1084 habet
747 1020 842 1086 αὐτοῦ
863 1019 936 1104 ὑμῖν
957 1018 1005 1098 ὡς
1027 1025 1186 1106 προσῆλθε
1207 1044 1360 1105 μαρτυ-

189 1128 228 1208 ρί
233 1147 274 1200 ας
289 1123 472 1206 παρέχομαι.
495 1125 756 1187 ΜΑΡΤΥΡΙΑΙ
776 1125 882 1201 (neque
900 1125 1037 1198 alitor&
1060 1124 1116 1184 nisi
1138 1124 1216 1198 qdod
1237 1145 1360 1204 μαρτυ-

190 1229 259 1311 ρίαν
279 1231 360 1285 tenet
380 1231 411 1284 et
430 1226 547 1284 titulum
561 1225 687 1301 omittit),
711 1241 785 1299 qnae
796 1227 935 1286 mendosa
955 1227 1094 1286 sentilla
1114 1226 1240 1300 quidem,
1263 1225 1315 1284 sed
1328 1227 1362 1282 at

76 1402 81 1410 ,
189 1336 286 1390 tamen
307 1327 443 1386 eondnao
465 1331 594 1400 enaret
614 1328 755 1400 pluralem
769 1345 929 1401 numerum,
952 1345 1038 1402 quom
1052 1329 1162 1402 requiri
1176 1327 1309 1398 namur,
1324 1336 1362 1384 ex

190 1424 232 1503 ὡς
250 1419 417 1492 'emendum
438 1428 679 1502 scribendumque
700 1447 764 1490 esse
787 1423 847 1505 οἷς,
870 1431 947 1504 quod
968 1447 1032 1492 cnm
1052 1430 1145 1504 piabo
1165 1429 1363 1502 perspexisset

189 1532 418 1602 scinomannis,
456 1530 546 1590 verba
572 1530 677 1604 refingi
703 1547 787 1606 posse
816 1533 980 1606 suspicatus
1005 1538 1049 1592 ost
1075 1533 1106 1590 iu
1132 1532 1211 1590 hunc
1229 1529 1362 1594 medana

191 1632 292 1698 ciceia
313 1628 390 1713 ὑμῖν,
407 1625 454 1705 οἷς
475 1634 634 1712 προσῆλθε
650 1631 831 1713 μαρτυρίας
851 1632 1032 1716 παρέχομαι.
1067 1631 1263 1714 Μαρτυρίαι,
1284 1645 1362 1692 eam*

189 1753 245 1810 qne
267 1735 495 1796 emendationem
516 1733 547 1790 in
569 1747 621 1792 ena
642 1733 769 1792 editione
791 1734 1006 1822 exprimendam
1032 1737 1206 1794 curaverunt
1227 1733 1363 1794 Baiterns

189 1838 398 1912 Sauppiueque.
441 1836 494 1896 Eis
516 1839 613 1902 muron
635 1850 694 1906 quo
714 1835 808 1895 minus
827 1835 999 1899 moontiem
1016 1837 1140 1910 primum
1152 1851 1198 1894 ιιι
1212 1835 1363 1908 impedivit

188 1939 266 2013 qaod
278 1955 337 1997 nen
349 1938 434 2011 plura
447 1936 612 1995 testimonia
628 1934 799 2008 offeruntur,
821 1937 872 1996 sed
885 1954 974 1996 unum
988 1944 1101 1998 tantum
1114 1953 1214 1996 eorum
1236 1938 1362 1996 omniurn

189 2045 260 2114 quos
286 2039 400 2099 adierat
431 2037 596 2109 Hieroclen,
633 2037 683 2110 qui
715 2053 802 2095 unam
835 2045 923 2111 atque
948 2041 1070 2100 eandem
1095 2052 1157 2099 rem
1184 2037 1361 2099 confirment.

188 2143 252 2202 Hoc
277 2142 319 2200 ita
346 2156 408 2198 esse
435 2157 499 2199 cum
526 2155 574 2198 res
602 2138 731 2226 declarat
757 2143 819 2197 tum
840 2141 902 2216 ipse
924 2141 1041 2214 planum
1063 2139 1133 2200 facit
1153 2146 1252 2200 orator
1272 2139 1289 2217 ᾖ
1311 2141 1362 2200 26.

189 2239 230 2318 ὥς
252 2244 285 2310 δὲ
308 2238 380 2304 οὐδὲ
402 2237 523 2302 Κλέωνι
546 2243 658 2322 προῖκα
680 2234 738 2314 τὰς
760 2235 918 2322 διαθήκας
939 2239 1121 2326 ἀποφαίνει,
1144 2237 1224 2303 ἀλλὰ
1245 2238 1363 2321 μισθὸν
1421 2290 1432 2308 ,

189 2341 329 2429 εἴληφεν,
357 2336 451 2422 αὕτη
479 2333 571 2422 ὗμΐν
598 2334 617 2422 ἡ
645 2337 841 2423 μαρτυρία
870 2338 907 2404 οὗ
932 2339 1045 2424 μικρὸν
1071 2337 1235 2424 τεκμήριον
1263 2341 1362 2406 ἵστατε

188 2443 350 2514 nomillud
370 2443 464 2516 ipsum
485 2441 681 2502 testimonium
708 2441 854 2515 designari
881 2443 960 2517 quod
986 2443 1071 2504 modo
1101 2441 1220 2503 allatum
1247 2443 1363 2504 sitnon

188 2547 263 2622 fugit
284 2547 520 2607 Schoemannum.
565 2541 700 2603 Efficitnr
727 2559 797 2618 orgo
825 2559 919 2619 neque
936 2545 1111 2626 μαρτυρίας
1132 2561 1226 2618 neque
1247 2546 1364 2605 titulum

189 2637 375 2730 Μαρτυρίαι
397 2651 476 2706 recte
498 2662 529 2705 se
550 2642 704 2721 habere*).
747 2645 861 2705 Deinde
885 2641 986 2708 αὐτῶν
1006 2645 1085 2705 haud
1106 2645 1364 2721 facile'quisqnam

188 2755 296 2809 temore
318 2748 349 2806 in
372 2745 468 2809 αὐτοῦ
490 2746 733 2806 transformasset.
779 2747 858 2819 Quae
879 2763 944 2808 cum
965 2747 1008 2806 ita
1028 2748 1095 2820 sint,
1117 2727 1252 2822 equidem
1271 2755 1363 2809 totum

189 2852 283 2910 locum
309 2850 350 2907 ita
376 2865 393 2907 e
420 2849 548 2922 vestigiis
575 2847 970 2908 librorcm'constituendnm
992 2863 1055 2909 esse
1077 2841 1194 2910 censeo:
1224 2848 1365 2925 αὐτοὺς

91 3023 95 3028 ,
187 2947 261 3031 ὑμίν
297 2944 354 3022 οἷς
390 2951 549 3030 προσῆλθε
581 2943 789 3046 μάρτυρας
826 2947 1053 3031 παρέξομαι.
1081 3021 1083 3026 y
1111 2951 1364 3014 MAPTYPEE.

188 3053 207 3111 i.
221 3070 246 3112 e.
271 3053 369 3126 „ipsos
392 3067 463 3124 qnos
485 3049 559 3110 adiit
579 3051 661 3111 vobis
682 3054 771 3110 testes
794 3051 966 3111 exhibebo“.
1010 3051 1072 3110 Iam
1093 3051 1167 3112 nihil
1189 3053 1245 3111 erit
1261 3053 1292 3112 in
1308 3069 1364 3127 quo
1400 3117 1402 3122 ,

188 3153 326 3214 offendas.
371 3151 560 3234 Μαρτυρίας
588 3169 652 3212 cum
679 3153 750 3213 alibi
775 3169 812 3212 ex
837 3145 1001 3233 μάρτυρας
1028 3149 1217 3226 depravatum
1239 3158 1283 3213 est
1304 3161 1364 3214 tum

189 3275 232 3315 or.
249 3258 295 3314 11.
319 3254 336 3332 ξ
353 3257 381 3326 6,
404 3251 454 3312 ubi
475 3269 529 3325 pro
551 3252 745 3334 παρέχεσθαι
766 3252 942 3333 μαρτυρίας
963 3254 1165 3328 corrigendum
1186 3269 1250 3315 esse
1267 3253 1363 3337 παρί-

186 3345 302 3438 χεσθαι
328 3348 494 3436 μα’ρτυρας
520 3361 642 3428 apparet
669 3371 705 3414 ex
732 3354 872 3431 oppositis
898 3356 952 3414 νῦν
974 3351 1000 3414 θ’
1013 3354 1058 3439 ἐφ’
1073 3347 1119 3429 οἷς
1142 3349 1306 3438 ἀπόκρισιν
1328 3353 1365 3417 οὔ

190 3453 321 3518 ditarer
343 3453 459 3532 (malim
481 3452 537 3517 οὐκ
559 3453 672 3518 ίὸἰοιιιν
693 3456 849 3516 secundum
871 3453 921 3531 Z),
945 3451 981 3516 οὗ
1002 3450 1166 3537 μάρτυρας
1182 3454 1365 3536 παρέσχετο,

191 3555 247 3636 οὐχ
274 3551 368 3632 ὅρκον
396 3550 517 3635 ὤμοσεν
543 3553 605 3622 ατί.
648 3557 721 3617 Tum
742 3555 871 3617 futurum
892 3557 1009 3630 reposui
1031 3553 1218 3637 παρέξομαι,
1247 3557 1316 3629 quia
1341 3555 1366 3614 si

190 3665 288 3746 orator·
317 3664 405 3718 testes
432 3657 503 3716 citet
528 3674 589 3718 rem
616 3659 743 3734 aliquam
776 3659 890 3726 statim,
906 3657 1125 3720 confirmaturos
1155 3643 1207 3718 ant
1242 3658 1367 3732 scribam

189 3759 385 3822 testimonium
407 3758 531 3825 subinde
551 3760 675 3822 recitare
696 3761 787 3833 iubet,
810 3761 956 3836 praesenti
969 3760 1052 3822 locas
1067 3759 1185 3822 eenmdi
1197 3777 1256 3822 nen
1268 3759 1366 3832 debet,

258 4026 284 4095 *l
301 4025 440 4080 Gonmamc
459 4041 548 4081 errare
564 4033 705 4096 peccatum
722 4027 739 4096 ᾗ
756 4031 798 4080 28.
816 4027 844 4080 in
861 4025 918 4081 aad.
935 4026 968 4094 A,
984 4026 1014 4080 in
1032 4041 1085 4096 que
1103 4025 1207 4094 timlus,
1224 4026 1253 4080 in
1270 4025 1366 4080 ceteris

187 4111 297 4180 cuidem
309 4111 431 4176 omissus,
449 4109 547 4178 legitur
555 4117 717 4184 Μαρτυρία,
735 4129 795 4167 cnm
813 4117 903 4166 tamen
920 4111 972 4167 dac
989 4111 1142 4166 testimonia
1158 4111 1266 4166 recitari
1283 4111 1366 4165 nrani-

125 4287 129 4298 Ᾰ
187 4195 522 4354 ιδρρίρσὲᾳιχιιριῶέἰιντσιλιὶι
534 4197 602 4264 λαβὲ
611 4194 813 4268 deposuerim
821 4195 870 4264 τὴν
878 4200 1044 4268 μαρτυρίαν,
1058 4197 1115 4252 εἶτα
1124 4199 1180 4254 τῶν
1189 4192 1367 4252 διδασκάλου
