3066 4836
675 231 826 324 E*

163 420 267 492 ltaque
288 420 340 476 aut
364 415 462 476 omnia
487 429 534 474 nso
562 403 667 476 fallunt
692 422 743 503 aut
768 416 887 490 scripsit
905 417 1003 476 Isaura
1030 412 1170 498 γεγόνασι
1194 420 1227 484 dt
1249 416 1333 499 ὅμως
1388 463 1398 504 ρ

165 520 215 584 καί
242 513 330 584 dara
358 507 515 598 μάρτυρας
543 513 678 593 αὐτῶν,
711 519 733 577 i.
756 535 782 578 e.
810 523 872 582 τῶν
899 515 1126 600 πεπραγμένων.
1170 521 1334 582 Pronomen

165 618 267 702 adroic
288 619 330 677 ita
351 618 486 690 usurpari
507 633 526 676 a
547 617 666 680 Graecis
687 621 764 682 inter
786 637 885 680 omnes
906 624 1027 678 constat.
1050 619 1084 678 V.
1108 619 1257 684 Foertsoh.
1281 625 1336 686 obss

163 726 282 784 servatt.
310 720 375 780 erit.
403 736 433 792 p.
463 722 504 778 74
525 737 567 794 sq.
596 721 755 782 Maetzner.
782 721 822 781 ad
842 720 962 795 Antiph.
991 738 1019 794 p.
1043 721 1115 780 254.
1144 739 1224 786 meae
1252 725 1332 797 lectt.
1371 730 1374 737 '

162 825 282 900 arcp.
307 821 468 900 63‘(357).
1165 845 1193 894 ῃ
1312 847 1315 854 ·

247 1023 393 1088 Eiusdem
415 1027 493 1088 orat.
516 1024 601 1102 §Q
630 1021 699 1088 Ἐπὶ
723 1025 780 1106 μίν
801 1020 957 1089 τοσούτων
974 1021 1150 1109 μαρτύρων,
1172 1019 1344 1113 ὧίίνύρες,;

162 1129 283 1213 γέγονεν
304 1121 323 1208 ἦ
346 1126 481 1208 ποίησις,
504 1123 620 1210 &apag
640 1125 697 1208 μὲν
718 1129 853 1200 παλαιᾶς
875 1122 958 1213 αύτῷ
980 1124 1058 1210 πρὸς
1079 1123 1208 1204 τούτους
1230 1126 1333 1212 ούσης,

164 1230 270 1315 φιλίας
290 1229 325 1292 lt
346 1224 423 1310 πρὸς
443 1222 527 1310 ἡμᾶς
549 1227 597 1289 καί
621 1227 846 1311 συγγενείας
869 1223 905 1290 ού
925 1231 1040 1310 μικρᾶς
1060 1223 1267 1312 ὑπαρχούσης.
1292 1225 1333 1306 ὥς

167 1319 282 1420 δ”ούιί
312 1331 339 1392 τί
364 1327 533 1412 μηδέτερον
559 1323 676 1391 τούτων
701 1323 835 1410 ὑπῆρχε,
867 1322 944 1409 μήτε
971 1326 1071 1411 ἔχθρα
1100 1327 1177 1412 πρὸς
1203 1325 1335 1404 τούτους

163 1427 242 1514 μήτε
262 1431 349 1515 φιλία
371 1426 448 1514 πρὸς
469 1425 560 1511 ἡμᾶς,
582 1425 638 1490 οὐκ
661 1425 699 1492 ίίν
721 1451 793 1494 ποτε
812 1423 1045 1512 Ἀπολλόδωρος
1067 1431 1114 1494 brt
1137 1424 1258 1504 τούτοις
1278 1426 1333 1492 ztir

163 1535 278 1615 κλῆρον
296 1535 406 1594 τοῦτον
427 1529 602 1608 κατέλιπεν,
637 1525 722 1610 οἶμαι
745 1529 795 1592 καί
818 1526 914 1594 ταῦθ’
939 1523 1012 1611 ύμῖν
1031 1525 1145 1617 ῥᾳδίως
1166 1529 1331 1606 ίπιδείξειν.

161 1635 241 1694 Dicit
261 1634 291 1692 h.
313 1633 334 1690 l.
356 1631 523 1706 Thrasyllus
550 1632 596 1710 cui
617 1633 728 1706 scripta
748 1637 794 1691 est
814 1633 886 1692 haec
907 1632 1001 1692 oratio
1022 1631 1079 1691 rite
1101 1647 1131 1691 se
1154 1635 1185 1691 et
1204 1630 1332 1706 legitime

161 1736 332 1809 adoptatum
354 1749 416 1793 esse
438 1732 474 1792 ab
489 1731 668 1806 Apollodoro
690 1735 820 1808 quamvis
841 1729 1065 1807 obloquentibus
1086 1733 1260 1794 adversariis
1283 1733 1333 1806 qui

160 1854 226 1898 cnm
247 1834 401 1909 Eupolidis
421 1833 481 1892 filia
501 1834 692 1894 hereditatem
704 1834 875 1910 Apollodori
895 1840 1013 1909 petente
1034 1834 1193 1894 faciebant:
1215 1839 1246 1892 ct
1266 1834 1334 1892 huie

64 1989 66 1998 ,
161 1938 278 2014 quidem
300 1941 442 1997 vetustam
463 1953 527 1994 cum
548 1935 606 1994 illis
627 1937 816 2009 simultatem,
850 1942 952 1998 contra
973 1937 1069 1997 secum
1091 1935 1246 1995 amicitiani
1267 1932 1332 1994 inn-

161 2042 311 2101 datamot
332 2039 481 2098 caritatem
503 2037 708 2097 intercessisse.
743 2037 833 2112 Quam
856 2039 1028 2098 sententiam
1051 2040 1075 2097 si
1096 2038 1193 2098 verbis
1215 2051 1331 2113 expres·

160 2161 222 2204 sam
242 2142 423 2214 haberemus,
447 2139 519 2200 nihil
541 2144 617 2198 esset
638 2139 715 2214 qnod
735 2138 1008 2213 reprehenderetur.
1042 2141 1150 2200 Verum
1172 2141 1332 2211 enimvero

162 2242 320 2325 seeundum
333 2241 422 2302 rerba
442 2241 493 2300 illa
515 2241 612 2315 qualia
633 2241 719 2302 hodie
741 2239 981 2304 circumferuntur
1001 2243 1027 2300 is
1049 2241 1099 2316 qui
1120 2258 1234 2304 cansam
1251 2259 1332 2316 snam

165 2341 296 2420 defendit
310 2341 434 2405 affirmat
448 2343 503 2402 sibi
517 2349 549 2402 et
562 2345 717 2403 amicitiam
732 2341 820 2402 fuisse
841 2359 905 2404 cum
916 2343 1094 2417 Apollodoro
1116 2351 1150 2406 et
1171 2348 1331 2410 necessi·

164 2445 342 2506 tudinem:
378 2445 548 2524 quasivero
571 2445 730 2506 adversarii
751 2446 859 2504 nullam
880 2445 1050 2504 habuissent
1070 2464 1134 2506 cnm
1155 2448 1204 2507 illo
1226 2465 1330 2522 cogna-

161 2548 284 2609 tionem:
322 2547 408 2606 immo
435 2548 577 2622 Pronapis
604 2564 689 2622 uxor,
729 2563 802 2620 quae
829 2541 1001 2622 Apollodori
1029 2549 1113 2621 petiit
1139 2543 1345 2610 hereditatem

159 2650 332 2724 negavitque
354 2648 391 2708 ab
414 2665 447 2708 eo
470 2649 639 2724 adoptatum
660 2665 723 2708 esse
745 2645 941 2724 Thrasyllum,
965 2656 1029 2710 erat
1049 2650 1188 2724 patruelis
1210 2649 1329 2724 Apollo·

161 2751 225 2811 dori
248 2762 338 2809 soror.
383 2751 459 2810 lllud
479 2757 592 2811 tantum
615 2758 700 2824 urget
725 2752 750 2809 is
773 2753 822 2824 qui
843 2752 923 2810 litem
945 2758 1078 2826 perorat,
1110 2769 1146 2812 ex
1167 2752 1231 2828 lege
1252 2754 1330 2812 viros

159 2851 274 2914 leminis
295 2849 437 2926 praeferri
459 2859 595 2926 oportere
617 2851 646 2930 (ξ
668 2853 721 2930 20)
745 2869 865 2926 eamque
888 2854 924 2912 ob
947 2870 1061 2914 cansam
1083 2855 1168 2914 uxori
1189 2853 1331 2930 hanapia

159 2956 268 3014 nullum
295 2955 439 3030 petendae
467 2955 637 3030 hereditatis
664 2956 709 3014 ius
737 2971 814 3014 esse:
851 2955 914 3028 lege
947 2957 1022 3014 enim
1048 2952 1169 3016 feminas
1196 2957 1331 3030 postponi

161 3058 296 3130 maribus,
319 3057 431 3124 etiamsi
446 3057 476 3116 hi
497 3055 592 3130 gradu
612 3057 869 3128 consanguinitatis
889 3057 1002 3131 longius
1024 3057 1132 3116 distent
1153 3055 1330 3118 adeiuncto.

159 3159 255 3234 Magis
276 3174 345 3217 vero
366 3159 471 3216 mirum
492 3157 598 3218 accidit
618 3156 696 3231 quod
717 3159 788 3230 ista,
818 3159 842 3216 si
864 3158 908 3218 dis
930 3159 1039 3232 placet,
1070 3159 1202 3232 cognatio
1224 3158 1329 3218 dicitnr

158 3276 228 3330 non
250 3259 394 3332 exigna:
424 3258 473 3324 καί
497 3258 669 3340 συγγενείας
698 3255 740 3320 οὐ
760 3263 908 3342 μικρᾶς.
950 3260 1053 3320 Artam
1074 3260 1190 3334 quidem
1211 3266 1241 3319 ct
1261 3277 1328 3334 pro-

156 3362 297 3436 pinquam
319 3361 518 3434 cognationem
546 3359 686 3432 concedo,
720 3376 825 3432 magna
854 3377 928 3433 (puae
957 3363 994 3420 sit
1021 3367 1071 3422 aut
1093 3362 1197 3435 exigna
1218 3363 1329 3422 nescire

157 3479 203 3522 me
217 3459 321 3522 fateor.
354 3463 513 3522 Praeterea
535 3462 596 3536 ipse
618 3461 717 3522 Isaeus
739 3462 835 3534 arguit
854 3463 944 3522 verba
962 3459 1002 3524 οὗ
1012 3466 1126 3546 μικρᾶς
1140 3479 1204 3521 cum
1219 3484 1327 3543 συγγε-

158 3564 240 3638 νείας
255 3564 402 3624 conciliari
423 3579 482 3622 non
503 3578 597 3636 posse,
620 3580 684 3622 cnm
707 3563 848 3622 consimili
868 3563 931 3623 loco
953 3581 987 3624 ac
1007 3580 1098 3638 prope
1120 3565 1233 3638 gemino
1248 3561 1327 3675 ρ43.

156 3666 199 3724 ita
220 3665 364 3726 dicentem
384 3665 472 3726 faeiat
493 3671 621 3726 actorem
638 3661 717 3746 Ἐγὼ
740 3662 797 3742 μὲν
820 3661 955 3748 ἀδελφῆς
978 3661 1075 3747 ούσης
1096 3670 1150 3748 τῆς
1173 3665 1248 3746 ίμῆς
1264 3687 1326 3744 μη·

156 3762 231 3849 τρός
247 3760 481 3850 Ἀπολλοδώρῳ,
503 3765 608 3850 φιλίας
631 3762 735 3838 αὐτοῖς
757 3767 898 3846 πολλῆς
919 3760 1125 3848 ὑπαρχούσης.
1160 3763 1242 3840 Quod
1264 3782 1328 3824 curn

156 3885 216 3928 non
237 3866 351 3942 lugeret
371 3868 484 3928 Reiskii
505 3884 641 3939 acumen,
675 3867 700 3924 is
723 3865 821 3926 sedem
842 3867 1047 3927 vocabulorum
1074 3867 1178 3950 φιλίας
1200 3873 1229 3926 et
1251 3887 1325 3950 συγ-

156 3970 271 4053 γενείας
292 3970 566 4043 permutationis,
588 3975 622 4028 nt
642 3969 818 4028 scriberetur
840 3967 1012 4050 συγγενείας
1034 3967 1068 4030 δὲ
1087 3965 1165 4048 πρὸς
1179 3962 1261 4050 ἡμᾶς
1275 3966 1325 4028 καί

157 4070 262 4156 φιλίας
284 4067 320 4132 οὗ
342 4075 464 4154 μικρᾶς.
507 4072 549 4130 At
570 4072 615 4131 rel
637 4071 678 4132 sic
705 4070 856 4131 offensioni
884 4075 928 4129 est
955 4075 985 4129 at
1011 4068 1188 4143 cognationis
1209 4057 1333 4140 mentio,

156 4171 237 4230 cuius
258 4187 295 4232 ne
315 4173 511 4234 adversariam
538 4173 654 4248 quidem
676 4178 823 4246 expertem
845 4169 931 4231 luisse
953 4187 1042 4246 snpra
1070 4169 1206 4242 diximus,
1236 4175 1266 4230 et
1292 4185 1333 4227 ea
