3066 4836
722 339 877 435 ...l-3„

209 531 417 614 διακείμενος,
443 521 541 590 eiuro.
565 519 607 590 or.
635 527 652 606 ξ
675 528 725 586 37.
754 520 829 606 ἡμῖν
850 518 1033 606 οἰκειότερον
1053 519 1258 601 διακείμενον,
1288 537 1331 580 or.
1355 523 1384 588 4,

214 636 232 714 ξ
256 637 318 696 18.Ι
334 631 389 696 ούκ
412 621 446 695 eir
469 630 650 710 διακείμενοι
679 635 744 701 τοῖς
771 623 953 709 συγγενέσιν.
996 625 1145 684 Demosth.
1169 640 1212 683 or.
1236 625 1265 682 8.
1293 622 1310 700 ξ
1333 625 1383 682 40.

213 737 353 830 itaqu·
367 737 396 794 8.
419 735 481 793 68.ν
504 734 579 792 Xeu.
602 731 697 792 Anab.
719 731 757 788 II.
782 729 810 800 5,
834 729 874 786 27
896 727 995 801 ibique
1016 728 1159 800 Krueger.

299 853 458 914 Postremo
472 851 568 910 iacere
590 865 648 908 non
669 833 786 922 possum
808 846 878 920 quin
900 843 1001 904 saltem
1022 844 1112 907 verbo
1133 844 1273 917 attingam
1288 853 1383 904 emen·

214 955 339 1018 dationis
362 955 444 1032 quasi
467 951 612 1027 quoddam
634 950 796 1024 exemplum
818 953 848 1008 et
869 948 1012 1022 specimen
1035 945 1202 1008 stobrum
1224 945 1383 1007 emibttmn

212 1055 243 1122 in
258 1061 274 1138 ᾗ
290 1058 327 1118 15
343 1059 387 1142 τῷ
402 1044 456 1118 uisu
479 1049 517 1117 διν
537 1047 625 1133 ύμὼν
646 1042 756 1138 φανείη
778 1045 888 1113 πιστόν
911 1081 949 1093 -
973 1045 1070 1122 οὕτως
1085 1043 1222 1127 ἀκριβῶς
1235 1043 1275 1108 τοὶ
1294 1043 1379 1129 παρὰ

213 1164 268 1242 τῆς
282 1153 376 1238 τύχης
390 1160 555 1237 συμβῆναι,
578 1149 648 1218 ὡστ’
674 1153 707 1215 ἓν
726 1151 783 1232 μὲν
803 1153 847 1236 τῷ
869 1145 1009 1233 πρόσθεν
1019 1143 1123 1232 χρόνῳ
1137 1146 1217 1227 μηδὲ
1232 1148 1299 1229 περὶ
1316 1143 1384 1222 ἑνός

214 1258 308 1324 αὐτόν
328 1261 389 1320 τῶν
419 1251 514 1319 αύτού
543 1253 728 1330 διαθέσθαι,
762 1249 814 1315 ὅτε
835 1250 869 1314 δὲ
896 1247 931 1314 τὸ
959 1253 1132 1314 τελευταῖον
1159 1243 1263 1326 δ’μελλε
1285 1269 1382 1330 στραν

212 1357 374 1432 σεύεσθαι,
398 1353 562 1439 ἔδελοντην
583 1379 614 1419 τε
637 1356 804 1430 ἐκπλεῖν,
825 1350 892 1416 τὸν
914 1353 963 1414 καὶ
986 1346 1123 1434 μάλιστα
1141 1348 1173 1411 ἐκ
1194 1343 1309 1430 ταύτης
1329 1353 1384 1430 τῆς

214 1462 375 1542 στρατείας
393 1458 550 1536 ἐλπίζοντα
572 1449 787 1537 σωθήσεσθαι,
809 1457 875 1528 πῶς
894 1458 1005 1516 τοῦτον
1026 1447 1136 1514 πιστόν
1156 1445 1217 1532 ἤδη
1229 1446 1296 1524 τὰς
1311 1449 1382 1511 διοι-
1408 1490 1411 1496 .

211 1556 314 1644 θήκας
343 1557 411 1625 τότε
439 1561 618 1646 καταλιπεῖν
643 1556 694 1618 καὶ
723 1551 929 1619 ἐκπλεύσαντα
956 1556 1149 1636 τελευτῆσαι;
1188 1553 1287 1612 Verba
1307 1553 1383 1611 enim

124 1719 127 1724 .
211 1663 335 1724 diremta
361 1669 391 1723 et
417 1660 537 1720 discissa
565 1651 730 1740 ἐθελοντήν
751 1680 782 1721 τε
805 1657 924 1720 ἐκπλεῖν
945 1651 1001 1718 τὸν
1028 1653 1083 1740 (τῷ
1097 1655 1173 1714 iibri
1193 1653 1383 1732 Bekkeriani)

207 1765 261 1840 ,καὶ
282 1759 421 1844 μάλιστα
436 1764 478 1822 ita
499 1761 681 1822 concinnavit
700 1759 946 1834 ingeniosissimus
961 1758 1010 1817 ille
1023 1757 1182 1817 Britannus
1196 1762 1229 1816 ut
1244 1756 1384 1816 scriberet

211 1856 377 1944 ἐθελοντήν
397 1887 429 1926 τε
452 1861 618 1926 ἐκπλέοντα
641 1861 691 1922 καὶ
713 1855 858 1941 μάλιστα.

293 1983 355 2042 Iam
381 1999 450 2042 vero
478 1998 565 2042 unam
592 1979 716 2053 exempli
742 1979 837 2052 gratia
865 1995 1018 2053 excerpam
1043 1977 1204 2038 orationem
1229 1977 1382 2050 insigniter

209 2090 374 2158 corruptam
395 2090 426 2143 et
446 2083 666 2157 interpolatam,
689 2080 770 2140 cuius
793 2081 909 2154 quidem
930 2081 1003 2140 alios
1023 2081 1102 2140 locos
1124 2081 1285 2140 accuratius
1305 2086 1382 2140 trac-

210 2191 273 2246 tare
295 2201 401 2260 operae
422 2186 548 2261 pretium
576 2201 639 2244 esse
669 2183 756 2256 duco,
789 2184 912 2244 aliorum
938 2184 1010 2246 vitiu
1035 2183 1157 2256 carptim
1185 2182 1381 2256 perstringere

209 2292 297 2359 atque
312 2286 358 2346 vel
371 2287 474 2348 alienis
495 2271 675 2347 adminicilis
695 2286 741 2346 vel
762 2302 826 2345 meo
848 2285 953 2358 Marte,
977 2285 1001 2344 si
1022 2283 1086 2344 fieri
1100 2289 1205 2360 potest,
1227 2283 1381 2345 emendare

211 2394 261 2450 out
282 2393 360 2448 certe
382 2389 590 2449 emendationis
611 2389 686 2449 uam
707 2393 869 2448 monstrare
897 2386 1043 2448 inanimo
1065 2391 1118 2447 est.
1162 2386 1224 2460 Quo
1246 2383 1322 2446 iacto
1344 2387 1380 2446 de

207 2491 314 2552 ceteris
335 2491 514 2552 orationibus
536 2490 670 2565 deinceps
692 2490 794 2575 dicam.

263 2761 268 2770 ι
371 2813 485 2898 Orat.
518 2817 553 2896 5.
586 2810 639 2894 de
669 2811 952 2922 Dicaeogenis
980 2785 1224 2894 hereditate.
1258 2887 1259 2890 ε

295 3065 378 3141 §lu
407 3059 646 3148 συγχωρούντων
674 3061 733 3148 γὰρ
760 3058 849 3146 ἡμῶν
876 3067 919 3150 τῷ
950 3057 1074 3144 όίρχοντι
1103 3061 1146 3144 μὴ
1176 3069 1379 3146 συναριθμεῖν
1422 3063 1427 3070 “

209 3166 291 3231 ἀλλὰ
314 3166 439 3251 συγχέαι
461 3164 519 3254 τὰς
539 3158 684 3250 ψήφους,
719 3163 872 3250 ἀφίστατο
892 3164 956 3245 μὲν
982 3163 1185 3248 Δικαιογένης
1205 3171 1271 3224 τοῖν
1292 3165 1379 3227 δυοῖν

207 3278 315 3352 μεροῖν
334 3272 389 3332 τοῦ
405 3263 521 3350 κλήρου
543 3274 611 3340 ταῖς
623 3265 842 3348 Δικαιογένους
865 3264 1024 3352 ἀδελφαῖς,
1046 3265 1096 3326 καλ
1114 3259 1262 3348 ὡμολόγει
1279 3263 1376 3347 ἀναμ-

209 3365 387 3454 φισβήτητα
408 3358 605 3451 παραδώσειν
632 3361 704 3448 ἡμῖν
731 3371 830 3430 ταῦτα
858 3364 897 3429 τὰ
925 3365 1013 3447 μέρη.
1036 3367 1087 3428 καὶ
1116 3369 1216 3428 ταῦτα
1242 3365 1376 3448 ἠγγυᾶτο

209 3469 363 3550 (δνεγυᾶτο
385 3469 466 3547 libri)
489 3465 585 3529 αὐτόν
606 3463 783 3550 Λεωχάρης
806 3461 914 3531 ούτοσί
933 3456 1036 3544 (ούτος
1056 3467 1155 3544 libri),
1185 3468 1246 3528 nori
1274 3461 1376 3544 ὡμο-

210 3563 311 3650 λόγει
333 3567 528 3654 ποιήσειν,
551 3565 589 3630 ού
610 3563 706 3648 μόνος
727 3564 806 3629 ἀλλὰ
830 3569 879 3629 καὶ
903 3563 1165 3648 Μνησιπτόλεμος
1187 3561 1203 3628 ό
1226 3569 1376 3628 Πλωθει-

106 3705 112 3722 ·
211 3663 260 3744 εύς
286 3668 459 3747 (Πλωτιεύς
484 3671 562 3730 libri.
604 3665 725 3730 Praeter
753 3676 884 3728 auctores
912 3669 1016 3742 quibus
1042 3670 1133 3729 utitur
1160 3671 1289 3730 Schoem.
1311 3667 1378 3727 uide

140 3847 142 3856 .
209 3763 350 3832 Le'ekium
376 3774 412 3834 de
439 3773 529 3833 demis
557 3772 620 3832 Att.
647 3791 676 3846 p.
702 3775 772 3854 1141
792 3780 821 3832 et
843 3773 903 3830 232
933 3770 978 3829 ed.
1001 3771 1237 3854 Westermann.).
1280 3767 1378 3830 Verba

209 3873 259 3934 καῖ
283 3867 430 3957 ὡμολόγει
453 3875 624 3935 sermotiem
652 3874 848 3947 orationisque
869 3877 999 3934 tenorem
1020 3874 1140 3934 turbare
1161 3875 1236 3935 bene
1258 3888 1376 3946 perspe-

203 3982 312 4036 xerunt
333 3972 466 4036 Baiterns
486 3977 702 4052 Sauppiusque‚
735 3981 787 4036 erit
812 3976 936 4040 delenda
961 3976 1051 4038 verba
1076 3976 1126 4043 καὶ
1154 3969 1305 4057 ὡμολόγει
1326 3980 1377 4034 aut

204 4072 249 4152 ὡς
263 4071 411 4160 ὡμολόγει
433 4080 539 4153 corrigi
555 4077 696 4153 *oportere
708 4085 886 4140 statuentes
920 4079 1022 4151 Neque
1043 4079 1119 4138 enim
1131 4079 1295 4138 Leochares
1309 4093 1376 4152 pro-

204 4181 285 4272 misit
305 4195 337 4238 sa
359 4179 413 4238 hoc
434 4180 586 4252 facturum,
609 4181 661 4240 sed
681 4182 887 4255 Ιὶῖοεεοροοοο,
909 4179 958 4240 ille
980 4185 1076 4252 autem
1090 4181 1240 4241 δυσωπεῖ
1254 4194 1376 4252 sponsor

204 4299 260 4354 pro
271 4282 454 4352 Dioneogens
468 4279 554 4377 iidem
576 4277 759 4357 interposuit.
800 4283 860 4342 Iam
882 4298 951 4342 vero
973 4285 997 4340 si
1018 4283 1230 4356 comparaveris
1243 4282 1376 4354 inprimis
