3066 4836
670 425 823 436 ‘uu—uun·—

162 529 285 592 elanus
311 529 455 604 cognitum
481 525 604 590 haberet
630 533 681 592 aut
708 545 882 603 eognosoere
908 527 997 590 veliet
1022 529 1134 590 Baiteri
1154 529 1332 606 ssuppiiqus

162 633 405 706 elegantissimam
425 637 573 692 oratorum
594 631 758 692 Attieornm
778 633 949 704 editionem,
977 650 1014 692 ne
1042 649 1116 705 quse
1137 634 1195 694 ism
1215 635 1334 694 inventa

163 739 261 794 essent
281 741 457 808 reseptaque
477 734 508 792 in
529 736 634 796 seriem
655 735 810 795 verborum
830 740 978 808 tamquam
999 750 1058 793 non
1078 736 1197 794 inventa
1209 751 1333 808 eonque·

162 841 279 896 reretur
307 853 341 896 ae
367 837 544 909 postliminio
570 837 601 894 in
629 837 753 896 medium
782 835 936 910 proferret.
979 837 1018 896 Hi
1040 853 1139 895 omnes
1161 835 1335 910 quamquam

158 955 218 1012 oro
245 955 298 998 sua
328 940 450 1011 quisque
476 943 559 1011 parte
587 954 706 1012 operam
728 939 872 998 dedenmt
893 942 926 998 ut
948 938 1116 998 emendatus
1137 937 1269 1011 prodiret
1289 953 1334 996 sa-

162 1039 309 1112 lebrisque
330 1045 469 1113 purgatus
490 1041 605 1112 lessus,
633 1045 730 1101 minen
758 1041 885 1100 nondum
907 1040 950 1100 ite
970 1039 1009 1098 ad
1029 1055 1155 1112 unguem
1175 1040 1337 1114 perpolitus

163 1149 221 1214 est,
249 1146 282 1201 ut
311 1142 419 1215 uhique
446 1143 582 1202 Isoorstis
610 1141 782 1214 diseipulum
817 1148 847 1200 et
880 1141 1048 1213 magistrum
1075 1141 1279 1199 Demosthenis
1305 1146 1336 1200 et

163 1243 307 1315 Lysianae
329 1243 512 1314 eloquentiae
534 1242 677 1302 aemulum
698 1257 847 1315 agnoscas.
885 1243 988 1315 Neque
1000 1241 1030 1299 id
1042 1243 1157 1313 nurum,
1180 1242 1335 1302 eumeodi·

164 1343 246 1402 eihus
266 1359 354 1402 meus
375 1343 490 1416 seriptis
510 1359 605 1417 neque
626 1343 724 1402 multis
745 1350 860 1404 utamur
882 1360 976 1416 neque
997 1343 1090 1402 bonis.
1121 1343 1221 1404 Nihilo
1243 1345 1336 1406 seeius

165 1445 218 1504 vel
233 1459 270 1502 ex
291 1433 391 1504 eorum
412 1446 541 1518 vestigiis
563 1445 668 1506 emieat
687 1443 799 1507 Isaeum
822 1461 895 1519 pure
917 1445 1083 1518 emendate,
1112 1446 1260 1520 eleganter
1286 1461 1335 1506 ve-

163 1552 258 1616 nuste,
281 1545 405 1618 deniquo
426 1545 525 1606 Atlioe
545 1547 673 1615 loentum
694 1563 767 1608 esse.

249 1647 352 1718 Imque
366 1649 392 1706 si
405 1649 529 1721 primum
546 1648 724 1708 deiormis
746 1647 949 1708 vocabulorum
964 1649 1088 1722 qnaeris,
1112 1653 1334 1711 consentaneum

163 1755 209 1818 est
229 1764 288 1808 non
309 1749 382 1808 elius
402 1766 468 1810 eum
487 1751 547 1810 sihi
556 1751 738 1822 mmrpsndus
750 1751 897 1822 sumsisse
912 1751 969 1808 nisi
983 1765 1058 1822 quae
1072 1748 1201 1812 Atticum
1212 1753 1336 1810 maxime

165 1851 302 1911 memus
327 1865 423 1922 neque
449 1851 571 1912 enodem
599 1852 658 1910 hoe
679 1852 766 1911 illone
792 1851 855 1910 loeo
878 1857 1023 1924 tamquam
1043 1852 1088 1910 sui
1110 1851 1231 1912 oblitum
1251 1853 1283 1910 in
1304 1870 1335 1912 se

132 1963 134 1978 ·
163 1952 314 2012 ministres
336 1956 370 2013 ut
389 1951 497 2012 mhous
518 1957 649 2014 uteretur
670 1967 744 2025 qnae
766 1952 851 2025 longe
874 1953 1017 2012 distarent
1038 1952 1075 2012 ab
1096 1967 1151 2014 osu
1171 1952 1335 2014 Attioomm

159 2059 195 2114 et
209 2052 427 2114 eonsensum.
460 2055 507 2116 Ex
529 2071 586 2128 quo
608 2069 715 2127 genere
736 2059 804 2114 sunt
825 2055 876 2114 illa
898 2046 1097 2116 καθιστάνειν
1120 2053 1175 2129 (or.
1195 2058 1225 2112 2.
1248 2054 1334 2131 §¹29-

162 2155 267 2215 Oobeti
289 2160 365 2218 orat.
388 2155 424 2212 de
446 2161 510 2216 erte
532 2158 763 2229 interesses,
785 2172 839 2214 nos
860 2157 891 2214 in
905 2153 1028 2228 praeiet.
1042 2154 1079 2212 ad
1089 2155 1206 2228 Lysiam
1218 2173 1247 2230 p.
1261 2155 1334 2235 Vi),

165 2252 270 2327 οὐθείς
290 2255 405 2334 μηθείς
425 2255 601 2336 audissem
627 2256 828 2332 (mhoeusnu.
851 2257 888 2316 ad
910 2273 954 2316 or.
966 2259 995 2316 7.
1017 2253 1132 2332 529),
1154 2257 1336 2340 ψῃφίσεσθεΙ

163 2354 221 2431 (oa.
246 2360 272 2414 l.
299 2353 316 2430 ᾗ
340 2355 408 2432 51),
437 2350 594 2438 ἐφόρωαν
616 2356 670 2433 (or.
694 2361 722 2416 l.
752 2357 850 2434 qt),
883 2352 1010 2430 ἄξαντες
1038 2356 1134 2432 (reete
1154 2357 1186 2414 in
1207 2353 1335 2445 ᾄξαντες

163 2462 306 2516 mlum
324 2467 367 2515 or.
388 2460 418 2516 4.
439 2457 457 2534 ᾗ
478 2461 531 2518 10:
553 2459 683 2520 Bekkeri
700 2459 783 2521 codd.
802 2459 908 2531 partim
927 2454 1065 2531 ἀίξαντες
1076 2459 1183 2530 partim
1195 2456 1336 2532 serame

161 2557 294 2632 mosao,
317 2559 375 2620 elia
395 2560 457 2624 eius
471 2561 558 2633 modi,
581 2571 656 2634 quae
668 2575 753 2625 uenio
772 2557 856 2620 faeile
869 2543 925 2618 erit
936 2557 1023 2617 hodie
1036 2560 1105 2631 quin
1118 2558 1344 2636 condemnanda

159 2665 226 2720 esse
248 2661 365 2732 iudioet,
387 2663 443 2722 nisi
461 2663 510 2736 qui
523 2662 636 2736 quiduis
657 2663 803 2736 patienter
824 2659 895 2720 ferri
917 2659 1024 2722 debere
1039 2658 1201 2733 praefracte
1215 2665 1333 2720 eonten-

163 2761 250 2832 derit,
273 2762 351 2834 qood
373 2763 487 2822 librarii
508 2769 560 2824 sut
580 2781 617 2826 ex
638 2761 783 2824 interioris
805 2763 909 2822 aetatis
931 2765 983 2820 aut
1003 2777 1040 2823 ex
1060 2761 1183 2822 aliarum
1205 2762 1335 2834 gentum

164 2863 287 2922 maxime
308 2863 500 2922 Macedonum
524 2865 672 2928 sembertdi
698 2881 790 2938 prava
816 2862 1024 2926 consuetudine
1052 2869 1103 2922 aut
1123 2864 1212 2927 etism
1233 2863 1335 2924 exsui

164 2964 295 3036 tusorum
316 2965 454 3038 temporis
472 2965 651 3026 ohsourieete
672 2972 703 3026 et
715 2967 859 3032 hermus
873 2967 904 3026 in
918 2965 1090 3038 ses-iptorum
1103 2983 1186 3026 snum
1197 2965 1333 3025 invehere

162 3081 223 3124 uon
258 3065 473 3126 dubitaverunt.
526 3067 555 3126 E
580 3067 687 3131 ahons
713 3067 803 3140 igitur
830 3067 964 3128 sordibus
992 3084 1011 3125 a
1036 3067 1139 3128 scribis
1166 3067 1272 3129 oblatis
1305 3071 1335 3126 et

162 3167 289 3226 tidenter
315 3168 483 3240 propugatis
508 3182 572 3228 eam
600 3166 752 3230 muuiiesto
780 3175 1010 3248 apparetquam
1032 3171 1166 3242 sdspeots
1187 3169 1226 3227 sit
1247 3174 1334 3242 atque

87 3256 111 3267 ‘
162 3267 278 3328 infirma
298 3269 438 3328 librorum
460 3285 549 3330 manu
568 3272 742 3344 seriptorsm
761 3271 792 3330 in
814 3271 859 3330 his
880 3271 968 3330 rebus
989 3269 1070 3342 fides,
1092 3275 1154 3328 tmn
1169 3271 1335 3330 oonieotum

163 3369 228 3430 lieri
249 3369 333 3430 ioeile
355 3376 452 3444 potest
473 3371 543 3444 qnid
565 3373 603 3430 sit
624 3372 661 3432 de
683 3372 788 3433 esteris
808 3370 909 3432 formis
930 3371 1110 3442 habendum,
1133 3387 1207 3448 ,ques
1229 3371 1254 3430 si
1275 3387 1351 3430 non.

163 3471 304 3531 barbares
335 3478 367 3532 et
392 3477 490 3532 temen
512 3489 549 3532 ne
570 3475 650 3548 ipsas
670 3473 786 3546 quidem
807 3473 844 3532 ab
866 3472 972 3535 Attius
994 3471 1129 3545 usurpari
1151 3471 1249 3532 solitas
1271 3487 1334 3530 esse

162 3573 350 3634 udusterum
361 3574 613 3648 grammatioorum
625 3574 741 3634 deereta
758 3573 907 3634 deelurant
923 3575 978 3647 vel,
1001 3573 1091 3646 siquis
1112 3571 1187 3632 forts
1208 3573 1253 3630 his
1275 3589 1334 3632 nou

162 3677 276 3734 mutum
294 3675 415 3748 tribnat,
438 3681 472 3734 ut
492 3691 698 3750 usquequaque
720 3692 772 3736 sos
791 3675 952 3737 audiendos
973 3692 1036 3736 esse
1057 3675 1210 3747 existimet,
1233 3679 1335 3749 aperte

163 3775 270 3838 duoeat
295 3777 409 3838 sedisse
430 3777 655 3849 essentialium,
691 3777 805 3852 qualem
826 3777 1157 3840 Urbinstemtsoemus
1180 3781 1210 3836 et
1230 3791 1336 3851 magne

161 3881 245 3938 orte
267 3889 304 3936 ex
324 3884 408 3950 pute
429 3879 594 3942 Parisiusm
611 3878 641 3940 Σ
656 3879 860 3943 Demosthenis
881 3895 944 3938 esse
966 3883 1087 3950 constat,
1110 3877 1146 3938 de
1168 3879 1249 3940 euius
1271 3878 1334 3953 qui-

164 3979 229 4040 dein
250 3979 424 4040 austeritate
446 3997 511 4040 eum
531 3979 710 4055 aliquamdiu
735 3981 914 4046 consedisset
940 3981 1101 4052 eontentio,
1128 3995 1222 4053 nuper
1248 3981 1334 4040 vehe-

163 4079 288 4140 mentius
310 4081 429 4140 esmrsit.
472 4082 547 4142 isaei
574 4082 691 4156 quidem
716 4082 785 4142 libri
806 4083 936 4157 quamvis
956 4082 1073 4142 minime
1095 4080 1176 4154 digni
1198 4082 1249 4156 qui
1270 4097 1334 4142 oum
1398 4088 1402 4106 '

162 4181 221 4242 iiis
242 4199 314 4257 quos
335 4183 397 4244 dixi
417 4189 635 4259 comparentur,
664 4190 762 4247 amen
783 4189 813 4246 et
834 4183 892 4258 ipsi
912 4173 978 4247 sum
999 4183 1173 4256 aliquotiens
1192 4182 1332 4256 Attieum,

162 4289 197 4346 ut
217 4287 359 4361 oportuit,
388 4291 419 4347 et
446 4285 615 4362 aequalibus
637 4287 697 4350 suis
717 4285 842 4348 maxinm
863 4285 1052 4348 Demostheni
1073 4284 1195 4348 similem
1216 4299 1334 4361 reprae-

1095 4381 1132 4439 10
