3066 4836
704 328 859 422 *rs—

198 519 358 594 erpiioetur
379 519 435 580 etsi
454 518 527 582 estis
546 517 634 590 plana
653 522 706 589 est,
728 523 827 576 amon
849 511 1056 598 ἐξαιρεθέντες
1083 529 1184 574 sanum
1205 527 1267 572 esse
1282 527 1366 586 nego.

197 623 277 686 Dioit
302 627 385 686 actor
410 637 442 680 se
474 636 597 692 suosque
630 625 768 693 cognatos
799 621 883 680 besse
915 617 973 676 sibi
999 615 1164 676 adiudiceto
1193 615 1368 688 Dicaeogeni

196 731 315 800 prester
335 725 471 784 trientem
492 721 661 782 hereditatis
681 723 800 796 insuper
821 721 937 780 domum
957 719 1137 792 permisisse,
1166 733 1223 790 qne
1243 718 1274 776 in
1295 717 1367 776 urbe

198 843 268 888 mus
289 831 362 898 erat,
384 841 442 884 non
464 823 540 897 quod
562 839 613 882 sno
634 823 678 882 illi
699 825 763 886 iure
783 841 848 884 eam
868 821 995 882 retinere
1010 820 1133 892 licuerit,
1156 819 1208 879 sed
1222 825 1368 891 tamqnam

197 929 387 1002 praecipuum
408 925 552 1000 quoddam
574 925 680 984 donum
703 923 823 1005 (ἐιλομεν
845 930 876 983 et
896 924 945 982 hic
965 928 995 986 ct
1014 922 1091 984 infra
1112 921 1129 998 ᾖ
1153 923 1208 994 30,
1230 922 1280 980 uhi
1299 913 1367 994 perss

199 1047 299 1104 peram
319 1029 454 1090 inlibris
473 1043 559 1087 mscr.
580 1027 687 1098 legiam
708 1024 891 1109 παρέδομεν)
914 1026 942 1084 ei
963 1024 1151 1084 concedentes
1172 1039 1225 1096 pro
1247 1022 1369 1096 pecnma

199 1133 230 1190 in
244 1129 575 1201 belncirestitntionem
596 1128 709 1200 aliaque
730 1126 862 1186 aedificia
882 1128 1036 1198 insumpta.
1069 1125 1144 1184 Eam
1158 1125 1368 1197 exemptionem

199 1234 289 1293 verbo
312 1229 517 1313 ἐξαιρεθέντες
539 1227 695 1302 significari
715 1228 1021 1300 voluntinterpretes.
1055 1225 1149 1300 Quid?
1171 1226 1248 1300 quod
1262 1225 1368 1286 Schoe-

199 1351 322 1392 mennus
343 1332 408 1391 aliis
429 1331 601 1404 quibusdam
626 1331 722 1388 verbis
750 1329 961 1404 deponentibus
987 1330 1082 1388 allatis
1103 1330 1216 1388 Isaeum
1238 1328 1367 1387 consulto

202 1432 406 1516 ἐξαιρεθέντες
421 1431 527 1492 dixisse
543 1432 675 1507 opinatus
688 1438 732 1491 est
743 1432 778 1492 de
791 1433 832 1492 eis
846 1434 895 1506 qui
907 1432 985 1506 pessi
997 1435 1093 1491 essent
1107 1435 1141 1490 ut
1157 1431 1193 1490 de
1208 1431 1266 1489 suis
1280 1430 1369 1489 rebus

199 1535 274 1596 alter
295 1535 405 1608 aliquid
425 1537 581 1609 exciperet,
603 1549 662 1592 non
684 1529 864 1614 ἐξελόμενοι,
887 1533 964 1608 quod
986 1533 1021 1593 de
1044 1535 1086 1592 eis
1104 1533 1200 1606 potius
1215 1533 1272 1592 dici
1286 1538 1370 1606 putat

201 1637 250 1710 qni
271 1637 326 1695 sibi
347 1637 459 1711 aliquid
486 1637 640 1711 excipiant.
683 1635 780 1708 Atque
808 1633 843 1694 de
871 1637 925 1695 hac
951 1635 1039 1694 medii
1064 1627 1232 1713 ἐξελόμενοι
1261 1633 1370 1708 signifi-

200 1740 312 1798 catione
328 1738 444 1811 quidem
457 1740 507 1798 ita
528 1738 670 1811 astipulor
691 1739 752 1796 viro
776 1738 901 1812 egregio,
924 1743 956 1796 ut
977 1737 1008 1795 id
1028 1737 1065 1795 ab
1087 1720 1175 1793 huius
1186 1736 1243 1796 loci
1256 1738 1368 1796 ratione
1483 1765 1486 1774 ε

199 1856 318 1917 prorsus
332 1839 490 1899 abhorrere
506 1840 606 1898 dicam.
640 1839 681 1897 At
701 1855 769 1898 vero
789 1839 871 1898 illam
892 1840 999 1914 passivi
1018 1839 1065 1897 vel
1086 1837 1192 1910 potins,
1215 1839 1238 1894 si
1254 1838 1369 1910 quidem

200 1958 301 2002 verum
315 1945 359 2002 est
381 1938 596 2021 ἐξαιρεθέντες,
619 1941 787 2014 deponentis
809 1941 982 2014 expediendi
1003 1939 1145 1998 rationem
1162 1944 1273 1999 tantum
1288 1941 1371 2000 abest

200 2049 233 2103 ut
245 2042 374 2117 probem,
396 2047 429 2100 nt
450 2049 480 2102 et
499 2042 556 2115 ipsi
577 2043 690 2100 notioni
700 2041 782 2101 verbi
804 2040 1003 2124 ἐξαιρεῖσθαι,
1025 2042 1103 2117 qnod
1115 2033 1239 2101 liberam
1254 2041 1369 2117 exemp'·

200 2147 308 2206 tionem
337 2143 483 2218 designat,
511 2147 541 2202 et
568 2145 609 2202 eis
632 2160 706 2216 quae
728 2149 945 2204 antecesserunt
967 2143 1022 2208 οὖν
1045 2137 1282 2224 ἀναγκαζόμενοι
1302 2139 1375 2224 ἀλλ’Ι

202 2239 320 2318 ἑκόντες
343 2241 451 2323 ἐδομιν
474 2239 635 2329 αὐτῷτὴν
658 2245 688 2306 ἐν
711 2237 796 2306 όστει
820 2243 916 2305 οἰκίαν
943 2246 1065 2306 adversa
1090 2243 1186 2303 fronte
1207 2261 1369 2319 repugnare

201 2344 380 2404 contendam.
403 2345 525 2405 Accedit
546 2345 623 2419 qnod
645 2341 852 2424 ἐξαιρεθέντες
873 2363 926 2418 pro
942 2343 1111 2427 ἐξελόμενοι
1127 2362 1269 2418 nusquam
1284 2364 1368 2406 usur·

198 2453 301 2522 ‚petum
314 2447 469 2508 iuvenitur.
503 2449 558 2509 Est
572 2460 641 2509 sene
663 2447 814 2507 universus
835 2447 882 2508 hic
904 2447 940 2505 de
954 2448 1051 2509 verbis
1066 2447 1276 2518 deponentibus
1289 2449 1371 2508 locus

201 2549 349 2623 amplioris
369 2549 561 2622 quaestionis,
589 2566 675 2622 qoam
702 2548 748 2606 cui
768 2547 823 2606 hoc
843 2552 970 2608 bacmtu
991 2547 1124 2608 satisfieri
1146 2555 1246 2621 queat,
1273 2554 1370 2612 tamen

199 2650 330 2726 quodue
352 2651 544 2732 δαπανηθεὶς
565 2655 704 2725 provocat
718 2649 940 2722 Scboemennus,
963 2667 1037 2724 quae
1057 2649 1150 2710 forme
1169 2649 1277 2722 legitur
1291 2650 1368 2728 543,

200 2771 235 2815 ea
256 2758 335 2814 certe
356 2768 375 2812 e
395 2754 540 2813 sententia
564 2753 639 2812 nihil
666 2751 756 2835 babet
782 2751 859 2823 qnod
888 2753 954 2812 usui
980 2751 1163 2825 adversetur,
1195 2768 1368 2825 quamquam

200 2873 265 2914 oum
286 2871 344 2921 non
365 2853 456 2912 multo
482 2859 549 2926 post
575 2853 591 2930 ξ
614 2855 653 2914 45
682 2853 795 2913 dicetur
822 2854 872 2916 καὶ
900 2852 1000 2916 πολλὰ
1018 2848 1166 2936 χρήματα
1187 2849 1369 2934 δαπανήσας

202 2952 389 3036 σεμνοτέραν
414 2950 471 3035 τὴν
497 2948 586 3018 πόλιν
612 2948 736 3028 τούτοις
763 2953 921 3035 ἐασίησας;
954 2961 984 3016 et
1010 2955 1126 3028 quidem
1150 2956 1182 3014 in
1203 2953 1304 3013 eadem
1324 2971 1367 3029 re,

198 3057 252 3116 iila
273 3053 368 3116 rorum
386 3072 455 3114 ιιιιιιι
474 3056 531 3128 ipsi
550 3055 632 3118 Isaeo
659 3055 816 3114 tribuenda
841 3057 879 3114 sit
906 3056 1091 3116 vehementer
1117 3056 1231 3128 dubito,
1263 3061 1296 3116 ut
1314 3057 1367 3118 illo

199 3173 313 3234 qnoque
335 3157 399 3218 loco
421 3150 604 3238 δαπανήσας
629 3157 751 3216 rescribi
777 3162 912 3232 oportere
939 3159 1076 3231 suspicer.
1119 3158 1183 3218 Hoc
1204 3163 1301 3218 tomen
1321 3165 1368 3218 ut

198 3277 320 3333 cumque
334 3264 387 3331 est,
409 3275 475 3320 cum
489 3264 518 3317 et
532 3259 676 3319 sententia
697 3263 726 3318 et
747 3275 816 3316 usus
837 3256 925 3319 iaciat
945 3265 1047 3320 contre
1059 3259 1138 3320 istud
1152 3258 1367 3340 ἐξαιρεθέντες,

198 3361 271 3422 nibil
290 3359 466 3434 relinquitur
486 3359 543 3418 nisi
563 3364 596 3418 ut
615 3359 647 3418 id
673 3365 840 3432 corruptum
866 3377 930 3422 esse
957 3367 1124 3422 statuamus.
1168 3360 1212 3420 Ae
1233 3361 1368 3420 Rciskius

199 3463 315 3537 quidem
329 3460 368 3533 ad
381 3461 554 3520 sententiam
575 3468 642 3536 epte
661 3463 770 3536 corrigi
790 3461 883 3522 voluit
903 3462 1064 3543 ἐξαίρετον,
1078 3462 1137 3528 sed
1157 3463 1189 3522 id
1210 3479 1267 3536 quo
1281 3463 1367 3522 modo

199 3570 229 3623 ct
243 3580 300 3637 qua
314 3562 351 3622 de
372 3579 459 3624 cansa
479 3563 625 3625 immutari
645 3563 825 3637 potueritis
847 3562 1052 3643 ἐξαιρεθέντες
1072 3580 1132 3624 non
1148 3566 1249 3638 liquet.
1293 3565 1368 3624 Mihi

201 3663 289 3736 igitur
315 3681 374 3723 ιιοιι
401 3665 521 3726 dubium
547 3665 662 3726 videtur
689 3665 759 3740 quin
786 3665 862 3726 illud
888 3664 1008 3724 verbum
1035 3665 1263 3738 conglutinatum
1290 3667 1368 3726 sits

200 3762 328 3826 librariis
342 3779 378 3824 ex
392 3765 503 3827 duobus
517 3765 562 3826 his
585 3765 781 3850 ἐξαίρετον
803 3763 879 3852 όφέ
882 3789 976 3844 ντες,
998 3772 1165 3843 „tamqnam
1178 3768 1366 3844 praecipuum

199 3881 303 3928 munus
324 3864 439 3926 domum
461 3867 487 3927 ei
507 3869 740 3943 permittentes.“
782 3869 912 3950 Verbum
934 3863 1056 3952 όιμέναι
1086 3871 1206 3930 eandem
1219 3867 1288 3934 ,iere
1309 3871 1367 3931 vim

198 3969 288 4030 habet
301 3968 332 4027 in
345 3967 386 4026 eis
401 3984 474 4041 qnae
488 3969 566 4038 haud
577 3971 678 4046 procul
700 3986 718 4031 e
739 3977 838 4030 nostro
859 3969 923 4030 loco
945 3969 1051 4030 absunt
1072 3969 1137 4034 ἀντὶ
1152 3975 1214 4034 τῶν
1226 3974 1365 4054 λειτουρ-

198 4074 273 4155 γιῶν
287 4069 338 4132 καλ
360 4071 422 4131 τῶν
443 4068 485 4142 εἰς
505 4068 544 4133 τὰ
567 4067 1027 4154 ολκοόομὴματαόναλαιμέναιν
1049 4065 1177 4156 όιμεῖμεν
1195 4069 1279 4156 αὐτῷ
1293 4069 1366 4146 τούς

200 4167 350 4256 ναριιαόςι
374 4169 497 4244 „horum
517 4171 658 4236 bonorum
678 4190 762 4262 nsum
783 4172 907 4234 fructum
928 4172 974 4232 illi
993 4174 1205 4247 permisimus.“
1238 4171 1282 4234 De
1303 4189 1371 4234 vocs

200 4273 353 4354 ἐξαίρετον
374 4286 402 4332 v.
423 4272 504 4332 snio.
526 4289 556 4348 p.
577 4276 648 4334 299.
669 4271 777 4336 Bernh.
796 4273 984 4357 Ἐξαέρετον,
1005 4271 1041 4338 τό
1064 4275 1226 4340 ἐπίλεκτοι.
1255 4273 1364 4350 Ἐξαι-
